3230 5116
373 403 474 452 Tit.
492 395 566 463 6.]
925 394 1046 449 DE
1092 393 1520 451 GRADIBUS
1563 392 1612 449 C
1612 394 1840 451 OGNA
1852 396 1907 451 T
1900 395 2155 453 IONIS.
2246 464 2267 491 ἱ
2552 406 2677 479 357

376 580 757 642 eorumque,
810 559 924 643 qui
973 580 1061 626 ex
1107 557 1212 623 his
1259 568 1795 642 progenerantur,
1836 569 1904 627 et
1955 558 2419 626 convenienter
2460 565 2707 647 patrui.

371 664 618 727 amitae
670 663 979 727 avunculi
1029 672 1440 727 materterae.
1518 672 1586 729 et
1637 664 1932 750 superior
1981 664 2250 747 quidem
2304 673 2370 728 et
2418 664 2680 732 inferior

372 767 683 850 cognatio
727 788 770 833 a
820 767 1035 850 primo
1085 768 1295 851 gradu
1349 766 1579 851 incipit
1601 790 1643 830 :·
1676 776 1749 835 at
1802 788 1897 845 ea,
1943 789 2116 852 quae
2168 790 2257 833 ex
2304 777 2677 837 transverso

370 880 769 950 numeratur,
817 893 859 935 a
902 870 1214 937 secundo.
1303 870 1526 935 Primo
1568 870 1780 953 gradu
1830 881 1931 943 est
1974 892 2172 955 supra
2212 882 2406 955 pater
2444 884 2670 951 mater,
2704 887 2731 941 1

370 973 536 1037 infra
569 973 741 1037 filius
773 973 926 1039 filia.
1020 973 1328 1039 Secundo
1359 995 1558 1057 supra
1593 995 1755 1039 avus
1792 975 1955 1053 avia,
1993 975 2159 1039 infra
2200 996 2407 1060 nepos
2438 978 2671 1061 neptis,
2699 994 2733 1059 2

369 1098 458 1141 ex
517 1088 890 1143 transverso
939 1077 1140 1143 frater
1185 1098 1386 1144 soror.
1505 1078 1735 1147 Tertio
1788 1100 1984 1164 supra
2041 1101 2324 1163 proavus
2383 1082 2669 1165 proavia,
2698 1090 2731 1146 3

368 1180 536 1245 infra
604 1202 934 1267 pronepos
1000 1182 1356 1266 proneptiS,
1423 1204 1511 1247 ex
1580 1190 1953 1248 transverso
2024 1181 2243 1249 fratris
2300 1186 2671 1269 sororisque

367 1283 540 1348 filius
570 1284 704 1350 filia
735 1296 802 1351 et
841 1286 1306 1351 convenienter
1347 1295 1623 1371 patruus
1661 1288 1869 1353 amita
1896 1286 2259 1353 avunculus
2296 1296 2669 1353 matertera.

367 1397 644 1471 patruus
675 1398 776 1453 est
805 1390 1012 1471 patris
1042 1388 1259 1467 frater,
1283 1390 1397 1472 qui
1424 1388 1679 1455 Graece
1702 1387 1931 1469 πάτρως
1952 1400 2260 1456 vocatur:
2306 1393 2669 1457 avunculus

367 1501 468 1557 est
505 1494 734 1558 matris
763 1492 980 1570 frater,
1011 1493 1126 1577 qui
1157 1494 1337 1577 apud
1371 1492 1661 1559 Graecos
1700 1495 1963 1579 proprie
1996 1493 2227 1575 μήτρως
2254 1494 2665 1581 appellatur:

366 1604 436 1659 et
477 1598 849 1679 promiscue
891 1599 1050 1663 θεῖος
1093 1598 1352 1661 dicitur.
1427 1598 1637 1663 amita
1680 1608 1783 1665 est
1820 1598 2027 1683 patris
2070 1619 2269 1675 soror,
2317 1610 2669 1665 matertera

363 1719 518 1763 vero
561 1701 792 1763 matris
833 1719 1056 1764 soror:
1104 1709 1381 1783 utraque
1427 1701 1560 1763 θεία
1600 1700 1707 1764 vel
1758 1702 1938 1785 apud
1981 1702 2309 1786 quosdam
2353 1704 2515 1781 τηθίς
2550 1724 2667 1788 ap-

363 1801 666 1885 pellatur.
758 1802 1016 1885 Quarto
1059 1804 1270 1887 gradu
1316 1824 1516 1885 supra
1559 1804 1810 1871 abavus
1852 1804 2105 1884 abavia,
2149 1805 2319 1871 infra
2369 1805 2667 1895 abnepos
2692 1826 2727 1879 4

360 1907 686 1989 abneptiS,
717 1928 806 1971 ex
837 1916 1207 1973 transverso
1244 1908 1460 1972 fratris
1499 1910 1873 1993 sororisque
1918 1930 2125 1993 nepos
2156 1911 2373 1994 neptis
2402 1920 2471 1975 et
2512 1931 2665 1976 con-

360 2012 702 2082 venienter
743 2020 1019 2093 patruus
1064 2030 1347 2093 magnus
1384 2012 1594 2077 amita
1639 2033 1883 2097 magna
1917 2008 2012 2099 (id
2060 2022 2162 2078 est
2204 2014 2311 2078 avi
2356 2012 2557 2078 frater
2597 2024 2665 2079 et

359 2112 594 2202 soror),
623 2116 783 2180 item
821 2115 1183 2183 avunculus
1226 2136 1505 2198 magnus
1536 2125 1891 2185 matertera
1937 2138 2179 2205 magna
2211 2118 2307 2203 (id
2348 2128 2449 2183 est
2479 2118 2665 2183 aviae

359 2219 561 2284 frater
589 2228 658 2285 et
699 2216 926 2307 soror),
960 2220 1393 2286 consobrinus
1434 2219 1823 2289 consobrina
1854 2217 1950 2308 (id
1992 2231 2096 2287 est
2132 2222 2247 2312 qui
2286 2242 2541 2306 quaeve
2576 2244 2664 2287 ex

358 2322 668 2387 fratribus
726 2333 842 2387 aut
899 2323 1235 2387 sororibus
1295 2323 1865 2411 progenerantur).
1972 2326 2090 2392 sed
2149 2326 2421 2409 quidam
2488 2335 2664 2391 recte

358 2426 786 2491 consobrinos
829 2446 944 2493 eos
981 2428 1243 2511 proprie
1283 2436 1524 2511 putant
1563 2428 1717 2505 dici,
1752 2428 1867 2511 qui
1907 2450 1996 2494 ex
2037 2427 2295 2494 duabus
2333 2429 2665 2497 sororibus

359 2540 896 2618 progenerantur,
939 2532 1128 2616 quasi
1174 2534 1668 2598 consororinos:
1731 2554 1845 2600 eos
1889 2554 2062 2614 νει-ο,
2108 2536 2220 2619 qui
2269 2554 2356 2599 ex
2401 2534 2663 2599 duobus

356 2636 667 2701 fratribus
725 2645 1266 2719 progenerantur,
1318 2638 1584 2719 proprie
1643 2637 1878 2702 fratres
1931 2638 2261 2721 patrueles
2307 2640 2525 2702 vocari
2579 2636 2662 2724 (si

354 2749 581 2803 autem
627 2761 716 2802 ex
763 2739 1024 2804 duobus
1057 2739 1366 2805 fratribus
1404 2739 1577 2804 filiae
1626 2750 1995 2820 nascantur,
2036 2762 2288 2806 sorores
2327 2739 2661 2824 patrueles

354 2839 838 2928 appellantur):
885 2851 956 2908 at
1019 2862 1148 2920 eOS,
1208 2844 1322 2925 qui
1382 2864 1472 2906 ex
1531 2843 1732 2908 fratre
1785 2854 1852 2909 et
1910 2865 2133 2908 sorore
2190 2853 2657 2928 propagantur,

243 3019 250 3024 ,
354 2947 666 3010 amitinos
715 2947 978 3030 proprie
1032 2946 1161 3010 dici
1216 2943 1489 3031 (amitae
1538 2955 1695 3012 tuae
1741 2946 1856 3011 filii
1902 2947 2369 3012 consobrinum
2412 2955 2483 3011 te
2538 2967 2655 3030 ap-

351 3050 627 3134 pellant,
659 3059 732 3114 tu
767 3050 914 3114 illos
953 3046 1316 3136 amitinos).
1409 3049 1665 3132 Quinto
1706 3072 1905 3136 supra
1947 3062 2179 3116 atavus
2218 3051 2456 3126 atavia,
2488 3050 2657 3116 infra
2681 3066 2717 3120 5

351 3155 648 3235 adnepos
692 3153 1018 3236 adneptis,
1063 3174 1152 3216 ex
1205 3162 1578 3219 transverso
1627 3155 1845 3220 fratris
1896 3143 2269 3239 sororisque
2328 3173 2657 3238 pronepos

350 3259 692 3342 proneptis
737 3266 804 3322 et
849 3258 1318 3324 convenienter
1352 3268 1749 3341 propatruus
1794 3260 2120 3343 proamita
2151 3256 2246 3345 (id
2285 3267 2387 3321 est
2426 3260 2653 3340 proavi

351 3361 554 3424 frater
605 3371 672 3427 et
732 3357 960 3446 soror),
1010 3361 1494 3444 proavunculus
1537 3372 2017 3444 promatertera
2063 3360 2157 3449 (id
2201 3369 2301 3426 est
2345 3362 2653 3444 proaviae

349 3466 550 3530 frater
599 3474 666 3531 et
713 3463 942 3552 soror),
990 3467 1150 3530 item
1199 3465 1414 3531 fratris
1461 3467 1779 3548 patruelis
1806 3469 2068 3546 ⁴sororis
2112 3465 2447 3552 patrueliS,
2495 3486 2651 3530 con·

347 3571 594 3634 sobrini
643 3579 712 3634 et
755 3568 1204 3648 consobrinae,
1256 3572 1516 3636 amitini
1562 3573 1877 3636 amitinae
1926 3570 2099 3635 filius
2152 3563 2305 3650 filia,
2353 3571 2653 3654 proprior

347 3674 649 3737 sobrinus
680 3673 947 3736 sobrina
969 3668 1065 3759 (hi
1104 3684 1256 3738 sunt
1281 3675 1495 3756 patrui
1523 3676 1746 3758 magni
1770 3677 2015 3740 amitae
2040 3693 2319 3757 magnae
2343 3674 2647 3737 avunculi

347 3777 571 3858 magni
605 3785 994 3841 materterae
1017 3797 1299 3860 magnae
1323 3776 1497 3842 filius
1529 3775 1711 3864 filia).
1781 3778 1996 3850 Sexto
2024 3779 2233 3862 gradu
2266 3786 2421 3842 sunt
2451 3797 2646 3859 supra
2672 3792 2707 3847 6

344 3882 622 3944 tritavus
669 3881 948 3959 tritavia,
986 3881 1152 3945 infra
1198 3883 1492 3965 trinepos
1535 3884 1857 3966 trineptiS,
1898 3904 1985 3947 ex
2027 3893 2396 3947 transverso
2432 3881 2646 3946 fratris

344 3985 714 4068 sororisque
736 3984 1032 4068 abnepos
1057 3987 1364 4068 abneptis
1388 3995 1454 4050 et
1479 3988 1942 4052 convenienter
1961 3987 2325 4070 abpatruus
2348 3985 2646 4051 abamita

342 4084 438 4172 (id
472 4097 574 4152 est
614 4089 807 4153 abavi
853 4088 1055 4153 frater
1095 4099 1162 4154 et
1203 4087 1412 4176 soror)
1456 4090 1906 4155 abavunculus
1941 4091 2383 4156 abmatertera
2414 4085 2509 4175 (id
2543 4097 2645 4153 est

341 4192 618 4256 abaviae
661 4193 864 4258 frater
907 4203 976 4258 et
1021 4190 1245 4279 soror),
1285 4196 1446 4259 item
1493 4196 1739 4260 sobrini
1776 4196 2209 4278 sobrinaeque
2239 4191 2336 4280 (id
2380 4203 2484 4260 est
2528 4194 2642 4277 qui

339 4316 594 4378 quaeve
640 4318 728 4360 ex
770 4298 1076 4362 fratribus
1115 4298 1222 4362 vel
1263 4299 1595 4364 sororibus
1636 4300 2043 4383 patruelibus
2084 4299 2187 4364 vel
2233 4298 2641 4364 consobrinis

338 4399 445 4464 vel
504 4402 795 4466 amitinis
854 4401 1417 4488 progenerantur).
1531 4404 1877 4469 Hactenus
1925 4404 2295 4470 ostendisse
2346 4402 2640 4481 sufficiet,
2668 4413 2699 4468 7

339 4504 905 4588 quemadmodum
953 4508 1198 4592 gradus
1247 4508 1657 4592 cognationis
1698 4517 2140 4574 numerentur.
2222 4525 2510 4589 namque
2550 4524 2639 4569 ex
