3230 5116
534 361 666 446 564
939 369 1091 425 INS
1095 368 1240 426 TIT
1245 368 1514 425 UTJON
1514 367 1647 423 UM
1681 367 1923 423 LIBRI
1960 366 2129 439 QUA
2141 364 2435 425 TTUOR.
2598 366 2730 433 [Lib.
2750 373 2839 423 IV.

475 550 510 605 7
538 533 674 601 Sed
697 544 955 600 veteres
983 535 1254 617 quidem
1277 533 1442 598 haec
1471 543 1540 598 et
1563 533 1629 597 in
1660 532 1810 597 filiis
1838 530 2120 597 familias
2144 530 2451 597 masculis
2482 540 2550 597 et
2580 529 2839 597 feminis

532 640 958 704 admiserunt.
1033 660 1206 703 nova
1233 647 1461 703 autem
1500 637 1846 702 hominum
1884 637 2295 701 conversatio
2325 635 2706 700 huiusmodi
2734 656 2840 699 as-

533 742 885 826 peritatem
917 752 1095 809 recte
1125 742 1562 825 respuendam
1609 760 1757 805 esse
1801 739 2210 804 existimavit
2252 749 2319 803 et
2362 740 2450 803 ab
2494 760 2615 804 usu
2655 758 2837 803 com-

535 848 715 911 muni
745 846 910 911 haec
953 846 1218 932 penitus
1260 847 1566 910 recessit:
1615 845 1762 927 quis
1808 844 1983 908 enim
2013 844 2263 926 patitur
2302 842 2511 906 filium
2542 863 2735 907 suum
2768 853 2837 908 et

533 952 828 1015 maxime
859 950 1064 1015 filiam
1111 951 1178 1014 in
1208 969 1457 1014 noxam
1489 948 1602 1013 alii
1649 950 1823 1025 dare,
1862 956 1937 1012 ut
1974 967 2187 1030 paene
2218 966 2337 1030 per
2372 966 2609 1029 corpus
2649 956 2839 1028 pater

534 1057 746 1138 magis
776 1075 979 1137 quam
1013 1054 1186 1118 filius
1216 1054 1638 1135 periclitetur,
1666 1071 1819 1117 cum
1850 1052 1919 1115 in
1948 1051 2210 1117 filiabus
2239 1051 2443 1115 etiam
2480 1050 2839 1133 pudicitiae

532 1158 718 1223 favor
738 1159 866 1223 hoc
887 1158 1059 1223 bene
1084 1154 1426 1222 excludit?
1474 1166 1542 1221 et
1572 1156 1723 1220 ideo
1754 1155 2002 1237 placuit
2032 1156 2098 1217 in
2123 1174 2345 1219 servos
2370 1155 2839 1220 tantummodo

532 1262 812 1326 noxales
857 1262 1150 1327 actiones
1193 1282 1338 1325 esse
1378 1261 1866 1344 proponendas,
1906 1279 2058 1324 cum
2090 1260 2269 1342 apud
2308 1267 2569 1322 veteres
2611 1257 2837 1339 legum

532 1376 1090 1430 commentatores
1128 1365 1498 1429 invenimus
1534 1364 1799 1447 saepius
1844 1363 2097 1428 dictum
2140 1364 2318 1445 ipsos
2354 1361 2524 1426 filios
2554 1361 2837 1427 familias

532 1490 654 1553 pro
683 1471 818 1535 suis
848 1468 1104 1534 delictis
1135 1488 1332 1553 posse
1360 1468 1711 1534 conveniri.

1620 1710 1745 1777 IX.

805 1908 873 1959 s1
918 1906 1369 1971 QUADRUPES
1417 1906 1849 1958 PAUPEmEM
1896 1906 2195 1958 FEc1ssE
2242 1905 2576 1961 mertun.

620 2074 1036 2140 Animalium
1078 2075 1363 2150 nomine,
1393 2096 1567 2158 quae
1603 2074 1858 2140 ratione
1893 2085 2134 2155 carent,
2170 2075 2224 2139 si
2270 2075 2539 2159 quidem
2570 2073 2837 2141 lascivia

531 2190 649 2245 aut
680 2178 932 2243 fervore
963 2191 1078 2244 aut
1107 2179 1371 2244 feritate
1401 2179 1785 2262 pauperiem
1823 2178 2116 2258 fecerint,
2153 2181 2419 2243 noxalis
2463 2181 2639 2244 actio
2683 2181 2835 2264 lege

531 2284 882 2347 duodecim
924 2283 1297 2357 tabularum
1329 2283 1594 2365 prodita
1635 2292 1737 2347 est
1774 2278 1974 2367 (quae
2014 2283 2325 2348 animalia
2366 2284 2421 2348 si
2464 2304 2682 2348 noxae
2717 2285 2831 2348 de·

527 2387 785 2465 dantur,
816 2386 1166 2469 proficiunt
1197 2408 1308 2451 reo
1344 2388 1430 2451 ad
1477 2386 1957 2465 liberationem,
1988 2385 2144 2469 quia
2183 2387 2279 2451 ita
2315 2386 2431 2451 lex
2476 2387 2831 2452 duodecim

529 2489 904 2555 tabularum
939 2490 1182 2576 scripta
1219 2486 1383 2575 est):
1425 2500 1589 2573 puta
1618 2490 1673 2553 si
1705 2510 1913 2574 equus
1944 2490 2325 2555 calcitrosus
2358 2491 2538 2557 calce
2568 2512 2835 2576 percus-

529 2595 685 2658 serit
726 2604 839 2658 aut
870 2594 994 2658 bos
1023 2615 1223 2658 cornu
1254 2605 1481 2678 petere
1511 2595 1744 2659 solitus
1775 2596 2055 2678 petierit.
2106 2596 2274 2660 haec
2300 2605 2527 2662 autem
2560 2598 2733 2661 actio
2764 2597 2833 2661 in

527 2697 646 2776 his,
677 2718 849 2780 quae
889 2708 1117 2762 contra
1157 2709 1458 2763 naturam
1501 2709 1866 2777 moventur,
1898 2698 2115 2764 locum
2154 2699 2399 2766 habet:
2444 2710 2737 2765 ceterum
2771 2702 2829 2765 si

528 2801 836 2885 genitalis
876 2803 962 2866 sit
1005 2802 1246 2881 seritaS,
1290 2812 1522 2868 cessat.
1614 2803 1921 2887 Denique
1962 2803 2017 2866 si
2064 2823 2253 2868 ursus
2294 2803 2461 2888 fugit
2490 2827 2531 2868 a
2561 2806 2833 2870 domino

530 2915 601 2969 et
642 2907 736 2969 sic
781 2906 1024 2980 nocuit,
1073 2927 1205 2969 non
1261 2915 1490 2989 potest
1539 2907 1880 2989 quondam
1929 2908 2237 2971 dominus
2286 2910 2631 2988 conveniri,
2676 2909 2835 2992 quia

530 3009 774 3072 desinit
821 3008 1130 3072 dominus
1181 3029 1346 3081 esse,
1401 3010 1512 3073 ubi
1566 3009 1704 3074 sera
1752 3012 1975 3076 evasit.
2050 3011 2399 3095 pauperies
2450 3023 2677 3078 autem
2730 3024 2833 3079 est

530 3113 849 3176 damnum
881 3112 1022 3177 sine
1052 3111 1286 3177 iniuria
1319 3112 1619 3178 facientis
1650 3115 1920 3178 datum:
1968 3135 2089 3179 nec
2122 3116 2297 3180 enim
2335 3126 2557 3200 potest
2586 3117 2833 3182 animal

533 3216 836 3281 iniuriam
865 3216 1099 3282 fecisse
1127 3216 1272 3296 dici,
1293 3220 1474 3301 quod
1505 3238 1702 3282 sensu
1733 3229 1929 3284 caret.
1985 3219 2151 3284 haec
2181 3221 2363 3304 quod
2396 3222 2484 3287 ad
2518 3223 2833 3289 noxalem

532 3320 863 3385 actionem
893 3321 1198 3404 pertinet.

606 3575 634 3646 ξ
663 3580 717 3633 ’1.
754 3577 878 3631 The
903 3579 1072 3633 noxal
1105 3579 1406 3634 surrender
1441 3579 1509 3634 of
1533 3580 1877 3637 filiifamilias
1906 3582 2109 3653 (Gaius
2134 3585 2208 3639 iv.
2237 3598 2324 3653 74.
2350 3599 2421 3656 79
2456 3589 2665 3659 speaks
2702 3589 2837 3658 only

534 3661 598 3714 of
616 3659 765 3727 sons)
793 3679 906 3715 was
933 3663 1170 3717 effected
1194 3663 1273 3731 by
1297 3663 1681 3734 mancipati03
1718 3666 1855 3735 they
1878 3667 2045 3722 stood
2081 3666 2139 3722 in
2175 3669 2461 3740 mancipio
2493 3682 2554 3727 to
2586 3674 2684 3728 the
2716 3689 2837 3727 sur·

533 3744 807 3798 renderee
835 3744 988 3811 (note
1014 3763 1086 3797 on
1116 3743 1217 3800 Bk.
1240 3745 1272 3800 i.
1296 3746 1328 3800 8
1354 3745 1546 3816 supr.),
1573 3747 1671 3802 the
1700 3747 2003 3804 Sabinians
2028 3749 2266 3820 holding
2290 3754 2413 3809 that
2440 3771 2549 3809 one
2576 3757 2695 3811 sale
2720 3771 2836 3810 was

535 3824 815 3879 sufficient
851 3825 936 3880 sor
969 3827 1081 3880 this
1114 3842 1376 3898 purpose,
1403 3828 1795 3886 ‘crediderunt
1832 3831 1985 3887 enim
2021 3843 2137 3888 tres
2174 3835 2299 3906 lege
2338 3836 2641 3894 duodecim
2676 3839 2839 3895 tabu-

535 3909 714 3964 larum
740 3907 815 3962 ad
841 3908 1184 3965 voluntarias
1209 3910 1661 3982 mancipationes
1685 3914 1967 3984 pertinere
1982 3917 1997 3945 ’
2022 3917 2199 3973 Gaius
2226 3919 2295 3975 iv.
2324 3934 2407 3990 79.

423 4054 440 4070 ·
606 3994 836 4062 Among
875 3993 972 4048 the
1012 3992 1262 4050 ‘veteres
1301 3996 1490 4066 legum
1533 4001 2041 4055 commentatores’
2076 4018 2174 4057 are
2214 4003 2392 4058 Gaius
2428 4003 2673 4074 himself,
2702 4005 2835 4076 Dig.

535 4091 622 4142 44.
650 4089 700 4142 7.
727 4090 797 4145 39
821 4094 837 4141 ;
864 4076 1227 4148 Pomponius,
1258 4078 1390 4149 Dig.
1416 4095 1464 4150 9.
1493 4095 1542 4147 4.
1573 4095 1640 4149 33
1665 4102 1680 4148 ;
1717 4081 1991 4152 JulianuS‚
2017 4084 2090 4139 ib.
2120 4099 2204 4155 34,
2231 4087 2348 4141 and
2376 4087 2607 4158 Ulpiani,
2636 4088 2766 4159 Dig.
2789 4101 2838 4159 5.

543 4173 588 4213 1.
610 4171 671 4230 57
697 4179 712 4226 ;
749 4173 796 4228 9.
818 4175 868 4228 3.
889 4173 935 4215 1.
952 4172 984 4228 7
1009 4179 1026 4228 3
1061 4175 1109 4232 9.
1129 4176 1178 4228 4.
1197 4175 1280 4231 35.
1345 4164 1460 4218 For
1476 4165 1803 4234 Justinian’s
1824 4167 2149 4223 affectation
2174 4169 2241 4224 of
2254 4169 2403 4240 legal
2428 4173 2841 4228 conservatism

537 4243 608 4297 cf.
636 4243 742 4297 Bk.
769 4242 824 4298 ii.
857 4257 937 4310 14.
963 4260 1063 4314 pn,
1089 4243 1142 4299 ii.
1175 4261 1258 4302 20.
1284 4260 1355 4315 34
1379 4263 1530 4319 supr.

609 4329 728 4382 wit.
757 4329 874 4382 IX.
910 4329 1036 4382 The
1069 4328 1389 4385 conditions
1422 4331 1603 4387 under
1628 4332 1811 4388 which
1836 4335 1934 4390 the
1957 4336 2126 4390 noxa]
2158 4336 2310 4393 actio
2344 4337 2417 4393 de
2441 4338 2710 4410 pauperie
2744 4341 2843 4410 lay

537 4425 636 4464 are
667 4411 987 4479 accurately
1011 4412 1201 4466 stated
1237 4411 1293 4467 in
1332 4413 1444 4470 this
1472 4415 1638 4471 Title.
1714 4419 1800 4487 By
1840 4418 1937 4473 the
1970 4420 2197 4475 Twelve
2236 4421 2447 4478 Tables
2486 4424 2585 4478 the
2627 4422 2843 4479 animal

523 4501 692 4552 ,must
718 4491 790 4548 be
816 4493 1159 4554 four-footed
1185 4495 1339 4567 (Dig.
1367 4511 1416 4568 9.
1452 4513 1498 4552 1.
1530 4513 1576 4554 1.
1602 4498 1677 4569 2),
1701 4499 1801 4556 but
1828 4500 1904 4572 by
1930 4502 2314 4566 construction
2340 4503 2438 4560 the
2462 4505 2697 4577 remedy
2722 4523 2841 4568 was
