3230 5116
623 434 754 505 500
1033 426 1184 483 INS
1185 426 1240 481 T
1236 425 1333 480 IT
1335 425 1396 482 U
1395 426 1448 481 T
1443 424 1598 481 ION
1603 423 1739 479 UM
1768 422 2006 479 LIBRI
2046 420 2513 495 QUATTUOR.
2684 419 2819 487 [Lib.
2842 422 2941 474 IV.

624 594 865 659 festum
929 602 997 660 et
1056 614 1176 659 nec
1237 590 1683 657 manifestum.
1788 610 1945 655 narn
2016 598 2414 673 conceptum
2486 594 2555 654 et
2622 588 2935 653 oblatum

625 700 882 783 species
927 700 1148 783 potius
1198 698 1476 763 actionis
1523 705 1680 761 sunt
1734 696 1909 759 furto
1956 695 2383 761 cohaerentes
2430 714 2629 776 quam
2683 710 2937 775 genera

626 803 967 878 furtorum,
1005 802 1176 867 sicut
1217 800 1482 865 inferius
1522 800 1889 882 apparebit.
1978 796 2367 863 manifestus
2417 798 2521 862 sur
2566 808 2685 875 est,
2720 816 2931 879 quem

629 906 864 971 Graeci
924 903 1012 969 ἐπ’
1073 906 1398 990 αὐτοφώρῳ
1457 903 1839 987 appellant:
1910 923 2031 968 nec
2088 902 2305 967 solum
2368 903 2423 967 is
2480 902 2595 985 qui
2656 902 2723 965 in
2784 901 2935 983 ipso

626 1010 800 1074 furto
845 1009 1376 1093 deprehenditur,
1421 1010 1538 1072 sed
1585 1009 1787 1072 etiam
1834 1007 1889 1070 is
1930 1006 2045 1089 qui
2090 1026 2171 1071 eo
2206 1006 2355 1071 loco
2392 1004 2933 1089 deprehenditur,

624 1136 760 1197 quo
801 1114 893 1194 fit,
922 1113 1126 1179 veluti
1171 1114 1282 1197 qui
1327 1114 1394 1177 in
1431 1112 1635 1177 domo
1679 1110 1926 1175 furtum
1974 1109 2130 1175 fecit
2174 1120 2241 1175 et
2286 1110 2583 1174 nondum
2627 1128 2933 1191 egressus

625 1218 892 1281 ianuam
937 1217 1380 1300 deprehensus
1419 1215 1634 1293 suerit,
1664 1224 1734 1279 et
1778 1215 1890 1299 qui
1936 1216 2003 1278 in
2048 1215 2291 1279 oliveto
2336 1214 2657 1277 olivarum
2704 1222 2821 1277 aut
2860 1213 2933 1275 in

623 1322 849 1384 vineto
899 1341 1174 1384 uvarum
1233 1320 1480 1384 furtum
1539 1318 1714 1397 fecit,
1765 1319 2085 1400 quamdiu
2134 1318 2200 1381 in
2256 1338 2338 1382 eo
2391 1315 2636 1381 oliveto
2690 1324 2807 1381 aut
2858 1316 2927 1379 in

625 1426 850 1487 vineto
879 1424 983 1487 fur
1010 1422 1460 1506 deprehensus
1489 1422 1612 1486 sit:
1660 1422 1867 1485 immo
1898 1422 2171 1485 ulterius
2209 1420 2458 1484 furtum
2500 1419 2931 1483 manifestum

627 1527 1126 1591 extendendum
1185 1537 1305 1602 est,
1360 1527 1679 1609 quamdiu
1732 1547 1883 1590 eam
1942 1547 2081 1590 rem
2141 1525 2246 1589 sur
2302 1534 2535 1589 tenens
2586 1524 2761 1587 visus
2820 1524 2933 1587 vel

625 1628 1074 1712 deprehensus
1103 1630 1296 1693 fuerit
1325 1630 1464 1694 sive
1493 1630 1559 1693 in
1590 1630 1858 1714 publico
1888 1629 2025 1693 sive
2061 1630 2129 1694 in
2160 1629 2414 1713 privato
2444 1628 2549 1691 vel
2582 1650 2623 1691 a
2652 1628 2933 1691 domino

622 1733 728 1797 vel
760 1733 847 1796 ab
877 1734 1028 1810 alio,
1059 1744 1416 1816 antequam
1455 1755 1535 1797 eo
1575 1734 1959 1818 perveniret,
1988 1754 2122 1816 quo
2153 1733 2441 1816 perferre
2476 1750 2553 1795 ac
2594 1731 2933 1814 deponere

625 1858 766 1901 rem
811 1838 1228 1903 destinasset.
1319 1838 1436 1902 sed
1491 1838 1548 1901 si
1593 1838 1861 1921 pertulit
1896 1859 2030 1922 quo
2074 1837 2449 1913 destinavit,
2496 1836 2763 1900 tametsi
2810 1836 2933 1899 de-

623 1941 1069 2026 prehendatur
1125 1962 1276 2006 cum
1328 1963 1399 2007 re
1457 1942 1715 2018 furtiva,
1766 1962 1899 2005 non
1954 1952 2054 2006 est
2118 1939 2509 2004 manifestus
2570 1940 2689 2003 fur.
2798 1960 2931 2003 nec

623 2034 1047 2113 manifestum
1077 2046 1321 2111 furtum
1353 2046 1512 2130 quid
1554 2046 1659 2121 sit,
1694 2066 1783 2109 ex
1822 2045 1925 2109 his
1954 2066 2126 2129 quae
2157 2044 2455 2109 diximus
2488 2043 2929 2126 intellegitur:

625 2170 780 2213 nam
833 2151 1012 2234 quod
1065 2151 1486 2215 manifestum
1540 2171 1675 2214 non
1726 2160 1849 2227 est,
1902 2150 1969 2215 id
2024 2150 2275 2214 scilicet
2329 2168 2449 2213 nec
2504 2146 2929 2212 manifestum

563 2253 600 2307 4
626 2263 743 2319 est.
835 2254 1250 2339 Conceptum
1297 2254 1544 2320 furtum
1583 2256 1843 2331 dicitur,
1888 2275 2040 2320 cum
2086 2256 2262 2337 apud
2308 2254 2601 2337 aliquem
2638 2252 2927 2317 testibus

623 2360 1083 2440 praesentibus
1113 2359 1351 2423 furtiva
1383 2380 1488 2423 res
1521 2360 1823 2443 quaesita
1868 2368 1933 2425 et
1980 2360 2247 2424 inventa
2290 2359 2419 2423 sit:
2466 2378 2621 2422 nam
2663 2358 2730 2421 in
2772 2377 2928 2421 eum

623 2462 887 2543 propria
931 2462 1106 2525 actio
1157 2464 1518 2527 constituta
1565 2474 1685 2539 est,
1738 2464 2039 2547 quamvis
2086 2462 2191 2526 fur
2242 2483 2373 2526 non
2426 2462 2529 2537 sit,
2578 2482 2749 2544 quae
2806 2480 2931 2541 ap-

621 2563 907 2647 pellatur
950 2566 1272 2649 concepti.
1383 2568 1684 2633 oblatum
1730 2568 1977 2632 furtum
2023 2567 2278 2643 dicitur,
2327 2586 2478 2630 cum
2527 2586 2631 2629 res
2683 2565 2927 2628 furtiva

621 2810 736 2848 was
762 2793 1051 2864 approved
1074 2795 1151 2864 by
1173 2795 1382 2860 Labe0,
1408 2795 1523 2850 and
1547 2799 1882 2867 apparently
1900 2797 1978 2865 by
1999 2798 2223 2866 Paulus,
2250 2798 2408 2853 Serv.
2428 2798 2504 2852 ad
2528 2799 2698 2866 Verg.
2717 2797 2923 2865 Georg.

620 2876 694 2933 iii.
723 2892 826 2948 405
854 2900 868 2947 ;
905 2880 1026 2935 that
1053 2879 1197 2933 from
1223 2881 1238 2908 ‘
1255 2879 1435 2932 fraus'
1459 2896 1574 2933 was
1613 2881 1919 2950 suggested
1943 2882 2021 2950 by
2047 2881 2291 2936 Sabinus
2316 2899 2327 2937 :
2365 2882 2487 2951 φώρ
2524 2880 2572 2935 is
2612 2879 2925 2936 connected

619 2961 754 3016 with
778 2965 962 3033 φέρειν
984 2963 1042 3017 in
1068 2980 1225 3017 more
1251 2963 1389 3016 than
1415 2978 1525 3016 one
1549 2963 1646 3017 old
1670 2964 1826 3018 work
1849 2980 1924 3018 on
1950 2965 2293 3034 etymology.

693 3045 722 3116 ξ
757 3049 812 3104 3.
853 3048 978 3102 The
1016 3047 1210 3118 jurists
1261 3063 1418 3101 seem
1455 3056 1515 3101 to
1559 3047 1705 3102 have
1745 3047 1981 3103 differed
2022 3064 2087 3102 as
2131 3058 2192 3103 to
2234 3049 2332 3103 the
2374 3057 2497 3104 true
2536 3046 2827 3103 definition
2866 3047 2933 3102 os

619 3129 828 3185 furtum
861 3131 1226 3186 manifestum
1251 3150 1264 3196 ;
1303 3127 1480 3184 Gaius
1520 3129 1615 3198 (iii.
1652 3131 1773 3199 184)
1801 3131 1959 3201 gives
1986 3131 2203 3186 several
2227 3129 2513 3201 proposed
2537 3140 2698 3201 testS,
2730 3147 2838 3186 one
2864 3130 2929 3185 of

619 3213 804 3268 which
831 3215 949 3283 (the
976 3213 1193 3282 finding
1216 3212 1283 3267 of
1297 3213 1394 3267 the
1419 3213 1569 3268 thies
1583 3224 1643 3268 at
1668 3231 1781 3284 any
1807 3213 1943 3270 time
1968 3215 2101 3270 with
2127 3216 2225 3270 the
2250 3214 2433 3270 stolen
2458 3224 2726 3284 property
2749 3215 2807 3268 in
2832 3213 2921 3268 his

619 3297 806 3352 actual
830 3297 1175 3368 possession,
1200 3313 1320 3352 rem
1355 3296 1578 3364 tenens)
1606 3299 1679 3353 he
1704 3315 1836 3368 says
1862 3316 1977 3353 was
2002 3299 2290 3368 generally
2314 3298 2563 3368 rejected
2585 3319 2601 3364 3
2637 3297 2801 3352 while
2824 3298 2923 3352 the

619 3379 1002 3450 qualification
1028 3378 1094 3433 of
1121 3378 1234 3433 this
1261 3378 1393 3433 with
1421 3379 1600 3433 which
1642 3380 1923 3449 Justinian
1958 3381 2163 3451 adopts
2190 3381 2230 3436 it
2259 3381 2403 3450 (that
2427 3382 2502 3436 he
2527 3391 2677 3436 must
2702 3391 2801 3435 not
2826 3388 2921 3449 yet

617 3463 764 3516 have
804 3462 1096 3530 conveyed
1142 3461 1188 3516 it
1237 3461 1422 3516 where
1471 3463 1544 3517 he
1593 3463 1906 3534 intended),
1957 3466 2173 3535 though
2225 3465 2500 3534 accepted
2548 3464 2624 3533 by
2674 3464 2919 3519 Sabinus

621 3544 861 3613 (Gellius
899 3558 952 3612 9.
993 3545 1075 3600 18.
1119 3542 1206 3612 1.),
1249 3543 1462 3600 caused
1503 3544 1778 3617 difficulty
1811 3557 1871 3604 to
1914 3548 2092 3604 Gaius
2126 3547 2293 3619 ‘quia
2330 3547 2631 3602 videbatur
2670 3547 2919 3617 aliquam

617 3627 918 3682 admittere
955 3627 1385 3696 dubitationem,
1421 3628 1588 3684 unius
1627 3630 1739 3686 diei
1774 3649 1849 3686 an
1886 3632 2060 3688 etiam
2099 3631 2342 3702 plurium
2378 3631 2598 3687 dierum
2634 3631 2820 3701 spatio
2860 3630 2919 3685 id

618 3710 1036 3765 terminandum
1061 3710 1134 3766 sit
1158 3727 1172 3778 3
1210 3711 1362 3781 quod
1379 3729 1448 3766 eo
1467 3712 1729 3781 pertinet,
1751 3714 1885 3785 quia
1908 3732 2081 3785 saepe
2106 3715 2163 3769 in
2190 3715 2315 3770 aliis
2342 3713 2663 3770 civitatibus
2689 3714 2921 3783 subrep-

618 3805 706 3847 tas
743 3810 834 3848 res
871 3791 929 3848 in
967 3793 1108 3848 alias
1145 3793 1402 3850 civitates
1438 3796 1528 3849 vel
1571 3795 1631 3848 in
1676 3797 1817 3851 alias
1858 3798 2179 3867 provincias
2228 3797 2475 3853 destinat
2510 3797 2601 3852 fur
2640 3797 2922 3867 perferre?

620 3877 828 3931 Paulus
862 3886 988 3947 gets
1024 3894 1160 3933 over
1193 3877 1308 3933 this
1344 3877 1422 3947 by
1458 3875 1678 3948 strictly
1714 3879 1959 3949 limiting
1996 3882 2093 3935 the
2130 3881 2302 3937 time:
2354 3881 2499 3952 ‘quo
2536 3881 2917 3936 destinaverat

617 3958 744 4028 quis
769 3960 986 4014 auferre
1005 3961 1019 3989 ³
1055 3959 1138 4015 sic
1173 3959 1569 4030 accipiendum
1596 3972 1701 4031 est,
1732 3962 1751 3992 ‘
1765 3979 1877 4033 quo
1913 3963 2295 4019 destinaverat
2320 3980 2389 4018 eo
2415 3963 2508 4018 die
2532 3980 2764 4019 manere
2788 3980 2918 4017 cum

615 4058 686 4096 eo
711 4042 858 4097 furto
877 4043 890 4070 '
927 4043 1059 4112 Dig.
1085 4056 1171 4110 47.
1199 4059 1250 4099 2.
1275 4058 1328 4110 4.
1401 4044 1741 4115 Praetically
1775 4045 2104 4117 Justinian’s
2142 4045 2435 4102 definition
2472 4046 2538 4101 of
2566 4048 2664 4102 the
2699 4047 2919 4101 offence

615 4143 730 4180 was
755 4125 1031 4194 accepted
1055 4126 1113 4180 in
1139 4127 1235 4183 the
1257 4125 1398 4183 time
1423 4128 1490 4183 os
1509 4127 1705 4184 Gaius.

683 4209 769 4263 As
801 4225 841 4266 a
875 4210 1012 4278 mle,
1038 4220 1215 4265 arrest
1243 4210 1664 4281 (deprehensio)
1690 4213 1879 4268 actual
1915 4230 1983 4268 or
2014 4211 2331 4284 attempted
2366 4230 2483 4268 was
2518 4229 2823 4283 necessary
2857 4223 2920 4269 to

614 4291 917 4350 constitute
940 4293 1150 4347 furtum
1175 4294 1571 4360 manifestum;
1611 4295 1656 4351 it
1690 4313 1806 4352 was
1832 4307 1932 4352 not
1958 4297 2183 4366 enough
2210 4297 2423 4365 merely
2447 4307 2508 4352 to
2532 4313 2629 4352 see
2654 4297 2751 4352 the
2774 4295 2925 4351 thies

613 4375 670 4432 in
697 4375 793 4432 the
819 4377 1184 4432 commission
1209 4379 1277 4432 os
1303 4380 1400 4436 the
1439 4390 1529 4435 act
1567 4397 1633 4435 or
1656 4381 1790 4436 with
1824 4381 1922 4437 the
1956 4381 2139 4438 stolen
2164 4380 2347 4450 goods
2371 4380 2431 4436 in
2458 4379 2546 4436 his
2572 4379 2917 4451 possession,

613 4458 748 4529 Dig.
773 4473 857 4526 47.
887 4475 938 4514 2.
965 4473 1014 4527 7.
1047 4476 1068 4515 1
1098 4461 1215 4516 and
1241 4478 1292 4518 2.

683 4543 713 4612 §
739 4545 798 4600 4.
839 4543 962 4598 The
987 4546 1218 4615 penalty
1241 4543 1328 4600 for
1359 4544 1568 4601 furtum
1606 4557 1946 4617 conceptum
1980 4545 2095 4603 and
2121 4547 2374 4603 oblatum
2400 4564 2517 4602 was
2544 4545 2691 4602 fixed
2716 4546 2794 4616 by
2818 4545 2917 4602 the
