3230 5116
22 2016 48 2287 .“““7““’“.“”“Ἠ,
33 1932 45 1997 aaa

22 2290 44 2375 .-τ-

28 3163 38 3176 -
24 2722 51 3139 ··-·-··--·--νι-,
17 2597 54 2704 '⁸

80 2692 89 2706 0

518 436 615 486 Tit.
641 428 715 500 5.]
1336 429 1461 486 DE
1498 429 2005 486 LJBERTJNJS.
2705 437 2828 504 105

1612 633 1732 699 IV.

1404 810 1507 862 DE
1552 812 1942 864 1NGENms.

608 957 943 1042 Ingenuus
988 956 1043 1021 is
1088 965 1209 1034 est,
1242 959 1355 1042 qui
1400 960 1628 1024 statim
1675 971 1749 1026 ut
1795 969 1992 1024 natus
2038 970 2140 1024 est
2183 959 2352 1023 Iiber
2394 966 2514 1034 est,
2553 957 2690 1023 sive
2733 979 2822 1021 ex

519 1063 779 1128 duobus
810 1063 1109 1146 ingenuis
1154 1064 1575 1128 matrimonio
1622 1065 1859 1143 edituS,
1889 1064 2027 1128 sive
2072 1085 2161 1128 ex
2197 1063 2535 1141 libertinis,
2565 1063 2702 1126 sive
2734 1083 2824 1126 ex

518 1165 728 1230 altero
758 1165 1063 1230 libertino
1093 1167 1303 1231 altero
1344 1169 1650 1250 ingenuo·
1739 1168 1856 1232 sed
1889 1176 1957 1232 et
1987 1169 2039 1232 si
2071 1167 2219 1250 quis
2250 1189 2338 1230 ex
2372 1176 2584 1231 matre
2615 1166 2824 1229 libera

518 1278 842 1346 nascatur,
880 1279 1068 1353 patre
1111 1291 1318 1347 servo,
1354 1272 1674 1354 ingenuus
1717 1270 1920 1335 nihilo
1968 1273 2183 1335 minus
2219 1271 2542 1335 nascitur:
2591 1290 2822 1352 quem-

519 1373 881 1436 admodum
937 1376 1049 1457 qui
1110 1395 1198 1438 ex
1258 1383 1472 1438 matre
1530 1373 1738 1438 libera
1790 1385 1858 1439 et
1912 1375 2160 1438 incerto
2218 1385 2406 1456 patre
2464 1383 2657 1436 natus
2703 1381 2820 1446 est,

518 1478 827 1560 quoniam
876 1477 1077 1560 vulgo
1126 1488 1483 1562 conceptus
1532 1489 1652 1543 est.
1739 1478 1977 1543 sufficit
2024 1486 2248 1542 autem
2299 1477 2576 1540 liberam
2626 1477 2824 1541 fuisse

521 1588 801 1643 matrem
834 1602 915 1644 eo
944 1591 1246 1665 tempore
1290 1603 1423 1664 quo
1465 1583 1769 1658 nascitur,
1804 1582 1956 1647 licet
1993 1581 2231 1646 ancilla
2271 1583 2662 1664 conceperit.
2754 1589 2824 1644 et

523 1705 609 1747 ex
656 1686 980 1749 contrario
1028 1687 1083 1748 si
1130 1685 1337 1750 libera
1387 1688 1777 1770 conceperit,
1810 1686 2054 1750 deinde
2097 1686 2333 1751 ancilla
2379 1685 2554 1749 facta
2593 1686 2822 1768 pariat,

520 1789 767 1872 placuit
812 1809 963 1852 eum
1007 1791 1119 1872 qui
1164 1792 1454 1854 nascitur
1496 1791 1774 1854 liberum
1823 1792 2019 1866 nasci,
2053 1792 2207 1872 quia
2243 1810 2376 1853 non
2419 1789 2619 1854 debet
2649 1787 2824 1852 cala-

522 1894 718 1956 mitas
779 1895 1006 1956 matris
1066 1895 1124 1956 ei
1186 1915 1437 1972 nocere,
1495 1896 1609 1977 qui
1669 1896 1734 1957 in
1795 1904 1983 1959 utero
2041 1903 2161 1959 est.
2250 1915 2340 1958 ex
2390 1894 2493 1957 his
2546 1901 2614 1956 et
2661 1892 2824 1956 illud

521 1997 889 2079 quaesitum
944 2005 1065 2072 est,
1115 1999 1169 2060 si
1230 1998 1469 2062 ancilla
1533 2018 1904 2081 praegnans
1965 1999 2366 2061 manumissa
2425 1999 2528 2076 sit,
2580 1997 2822 2061 deinde

519 2097 755 2161 ancilla
807 2109 1041 2183 postea
1090 2099 1265 2164 facta
1328 2104 1601 2184 peperit,
1655 2102 1930 2166 liberum
1983 2122 2070 2164 an
2123 2121 2380 2164 servum
2433 2099 2686 2183 pariat?
2755 2111 2824 2165 et

523 2201 876 2266 Marcellus
904 2204 1145 2286 probat
1178 2204 1457 2268 liberum
1499 2207 1718 2269 nasci:
1765 2205 2003 2269 sufficit
2044 2206 2218 2268 enim
2263 2206 2320 2266 ei
2354 2205 2464 2286 qui
2498 2205 2563 2267 in
2593 2213 2824 2268 ventre

520 2315 624 2370 est
674 2303 949 2370 liberam
998 2317 1277 2372 matrem
1330 2308 1435 2372 vel
1488 2311 1711 2374 medio
1764 2319 2064 2391 tempore
2117 2307 2462 2372 habuisse:
2528 2308 2706 2391 quod
2753 2319 2822 2373 et

518 2429 747 2473 verum
780 2420 901 2474 est.
993 2409 1161 2476 Cum
1193 2423 1415 2477 autem
1454 2415 1772 2496 ingenuus
1812 2411 2046 2495 aliquis
2093 2421 2286 2476 natus
2317 2413 2422 2489 sit,
2454 2432 2586 2476 non
2618 2412 2821 2478 officit
2853 2416 2879 2470 l

522 2514 612 2577 illi
644 2516 709 2579 in
742 2516 1054 2580 servitute
1098 2516 1294 2581 fuisse
1332 2526 1399 2581 et
1434 2525 1668 2602 postea
1706 2519 2178 2583 manumissum
2212 2537 2394 2582 esse:
2441 2516 2823 2601 saepissime

524 2622 697 2686 enim
729 2624 1157 2689 constitutum
1189 2633 1293 2691 est
1322 2624 1652 2690 natalibus
1683 2645 1815 2689 non
1847 2624 2106 2689 officere
2139 2624 2738 2688 manumissionem.

1633 2875 1718 2942 V.

1387 3028 1493 3079 DE
1519 3028 1962 3080 LIBERTINIS.

612 3152 933 3217 Libertini
998 3162 1169 3233 sunt,
1229 3154 1341 3236 qui
1412 3174 1499 3216 ex
1570 3153 1743 3217 insta
1815 3153 2129 3217 servitute
2197 3149 2578 3215 manumissi
2650 3160 2822 3214 sunt.

524 3258 950 3321 manumissio
994 3265 1218 3321 autem
1265 3266 1367 3321 est
1412 3257 1595 3320 datio
1641 3256 2000 3320 libertatis:
2049 3275 2204 3320 nam
2236 3255 2550 3338 quamdiu
2581 3254 2726 3335 quis
2757 3254 2824 3315 in

524 3454 715 3510 derive
740 3457 1033 3511 colonatus
1060 3455 1205 3510 from
1238 3453 1508 3523 repeated
1540 3455 1892 3509 settlements
1923 3456 1989 3509 of
2006 3455 2290 3509 homeless
2317 3452 2432 3508 and
2468 3450 2824 3506 home—seck-

522 3537 621 3609 in'g
643 3538 976 3594 barbarians
1002 3538 1061 3594 in
1086 3540 1183 3594 the
1209 3540 1437 3593 Roman
1460 3536 1774 3608 provinces.

590 3626 712 3677 Tit.
738 3624 848 3677 tv,
888 3624 1013 3677 The
1050 3623 1158 3675 law
1194 3638 1258 3675 as
1290 3620 1478 3675 stated
1512 3620 1569 3675 in
1607 3622 1707 3676 the
1745 3621 1928 3676 words
1968 3621 2057 3677 ‘et
2095 3639 2164 3677 ex
2201 3619 2484 3676 contrario
2514 3661 2529 3674 .
2557 3657 2570 3672 .
2597 3658 2610 3673 .
2640 3616 2734 3689 qui
2765 3617 2824 3672 in

524 3716 683 3761 utero
708 3706 828 3775 est,’
852 3706 1043 3760 unless
1070 3706 1169 3761 the
1194 3704 1345 3759 child
1380 3722 1495 3759 was
1528 3703 1836 3760 conceived
1875 3704 1932 3758 in
1970 3705 2156 3759 lawful
2181 3704 2450 3772 wedlock‚
2479 3701 2526 3757 is
2560 3711 2826 3771 contrary

520 3801 583 3843 to
606 3789 706 3844 the
729 3788 1005 3860 principle
1028 3788 1143 3843 laid
1173 3788 1340 3842 down
1366 3788 1443 3858 by
1470 3786 1648 3842 Gaius
1675 3787 1708 3843 i.
1738 3789 1824 3843 88.
1851 3802 1920 3857 92
1947 3788 1962 3815 ‘
1981 3788 2077 3859 qui
2103 3787 2394 3857 illegitime
2413 3785 2822 3855 concipiuntur,

524 3880 733 3927 statum
760 3882 990 3927 sumunt
1016 3890 1085 3927 ex
1108 3889 1179 3927 eo
1204 3881 1475 3942 tempore,
1503 3887 1615 3942 quo
1641 3882 1982 3926 nascuntur:
2011 3871 2107 3943 qui
2132 3870 2383 3941 legitime
2415 3868 2823 3939 concipiuntur,

524 3972 595 4011 ex
630 3954 1018 4025 conceptionis
1055 3966 1311 4026 tempore
1332 3957 1346 3984 ³
1378 3954 1559 4009 which
1598 3953 1648 4009 is
1682 3954 1992 4010 confirmed
2017 3956 2096 4025 by
2121 3954 2352 4024 Ulpian,
2376 3970 2494 4023 reg.
2524 3965 2570 4023 5.
2603 3968 2681 4021 10,
2709 3953 2825 4007 and

527 4037 797 4093 Neratius
824 4037 883 4092 in
910 4038 1043 4109 Dig.
1074 4052 1153 4109 50.
1190 4054 1233 4094 1.
1260 4054 1309 4109 9.
1364 4040 1451 4107 By
1476 4038 1573 4093 the
1598 4037 1736 4093 time
1762 4038 1828 4092 of
1846 4039 2070 4108 Paulus,
2097 4038 2372 4106 however,
2398 4037 2510 4092 this
2537 4036 2650 4090 had
2676 4035 2824 4090 been

520 4121 754 4191 altered,
782 4120 874 4175 ‘id
911 4121 1064 4177 enim
1103 4122 1263 4176 favor
1296 4121 1572 4177 libertatis
1610 4120 1864 4193 exposcit
1884 4122 1897 4147 ’
1933 4138 2040 4177 rec.
2069 4132 2214 4177 sent.
2241 4136 2288 4175 2.
2316 4134 2398 4187 24.
2425 4134 2541 4189 1-3.
2616 4119 2822 4173 Paulus

522 4206 645 4260 also
664 4221 863 4275 agrees
882 4205 1017 4260 with
1039 4206 1345 4260 Marcellus
1365 4221 1517 4276 upon
1538 4204 1635 4259 the
1655 4204 1916 4276 question
1941 4206 2028 4260 for
2047 4204 2225 4259 which
2245 4206 2344 4260 the
2361 4204 2570 4259 latter's
2590 4202 2822 4273 opinion

521 4288 569 4343 is
596 4287 747 4344 cited
772 4306 786 4342 z
826 4286 1048 4343 ‘media
1079 4287 1231 4343 enim
1258 4298 1517 4359 tempora
1540 4286 1785 4343 libertati
1810 4288 2098 4360 prodesse,
2125 4304 2240 4343 non
2265 4304 2470 4343 nocere
2494 4286 2668 4343 etiam
2693 4302 2821 4357 pos-

520 4380 651 4426 sunt
670 4371 685 4399 ’
716 4370 821 4425 loc.
851 4370 945 4425 cit.

592 4457 643 4509 1.
684 4454 800 4508 For
822 4454 917 4508 the
942 4452 1212 4524 meaning
1236 4454 1302 4508 of
1319 4452 1409 4507 ‘in
1434 4452 1704 4509 servitute
1729 4453 1901 4510 fuisse
1921 4456 1934 4483 ²
1957 4472 2055 4511 see
2079 4472 2154 4508 on
2181 4452 2294 4509 Tit.
2320 4468 2371 4523 3.
2401 4465 2428 4522 5
2457 4468 2606 4522 supr.

590 4540 714 4593 Ἧι.
736 4540 817 4593 V.
857 4539 943 4609 By
964 4537 1144 4593 ‘iusta
1168 4536 1409 4595 servitus
1426 4540 1439 4567 ’
1464 4536 1512 4593 is
1538 4548 1732 4595 meant
1758 4555 1793 4594 a
1818 4538 2038 4609 slavery
2063 4535 2246 4592 which
2271 4537 2322 4591 is
2344 4536 2490 4607 legal
2516 4551 2580 4590 as
2607 4532 2730 4589 well
2755 4549 2820 4589 as
