3230 5116
369 383 472 437 Tit.
493 380 595 446 πᾳ]
735 376 1048 450 QUIBUS
1059 356 1070 365 ⁰
1090 376 1364 433 MODIS
1403 376 1710 433 OBLJGA
1724 378 1777 433 T
1771 378 1815 433 I
1811 378 1859 434 O
1912 376 2338 434 TOLLITUR.
2540 380 2665 449 451

369 544 622 609 tionem
663 564 860 627 posse
898 542 1042 608 aliis
1071 541 1287 606 verbis
1318 542 1627 607 dissolvi:
1681 544 1800 608 sed
1832 543 1919 619 id,
1960 543 2142 625 quod
2184 562 2273 605 ex
2310 541 2440 605 alia
2470 560 2670 605 causa

370 648 670 726 debetur,
701 655 923 730 potest
955 648 1019 708 in
1051 644 1545 728 stipulationem
1577 648 1815 713 deduci
1846 657 1914 711 et
1944 667 2063 730 per
2092 646 2669 729 acceptilationem

369 751 656 817 dissolvi.
725 752 894 815 sicut
938 757 1164 813 autem
1207 749 1388 832 quod
1429 750 1712 814 debetur
1754 771 1875 833 pro
1918 761 2109 832 parte
2150 761 2329 814 recte
2372 750 2667 823 solvitur,

371 857 464 921 ita
509 856 574 919 in
623 864 882 937 partem
942 853 1151 917 debiti
1203 853 1623 935 acceptilatio
1676 854 1814 919 fieri
1874 864 2115 937 potest.
2226 854 2353 919 Est
2404 854 2669 937 prodita
2695 858 2729 912 2

371 958 726 1042 stipulatio,
772 978 943 1040 quae
971 957 1174 1041 vulgo
1214 957 1578 1040 Aquiliana
1613 957 2001 1041 appellatur,
2050 980 2169 1041 per
2212 977 2414 1041 quam
2459 958 2669 1041 stipu-

373 1063 686 1128 lationem
726 1062 1071 1145 contingit,
1103 1070 1176 1125 ut
1219 1062 1516 1125 omnium
1559 1081 1775 1125 rerum
1806 1061 2126 1144 obligatio
2162 1063 2231 1125 in
2275 1060 2666 1144 stipulatum

373 1168 735 1232 deducatur
766 1176 833 1231 et
875 1188 955 1231 ea
993 1186 1111 1248 per
1140 1166 1713 1248 acceptilationem
1752 1166 2044 1231 tollatur.
2122 1166 2461 1251 stipulatio
2492 1168 2669 1231 enim

371 1270 732 1353 Aquiliana
783 1279 986 1355 novat
1037 1289 1268 1333 omnes
1316 1269 1753 1351 obligationes
1806 1280 1874 1334 et
1926 1291 1967 1334 a
2017 1270 2211 1335 Gallo
2256 1269 2531 1353 Aquilio
2577 1271 2673 1333 ita

373 1376 745 1457 composita
775 1383 916 1439 est:
966 1374 1324 1456 ‘quidquid
1365 1382 1434 1437 te
1475 1374 1637 1437 mihi
1675 1394 1764 1438 ex
1813 1394 2231 1457 quacumque
2270 1395 2470 1441 causa
2513 1374 2673 1439 dare

370 1478 583 1543 facere
613 1485 876 1561 oportet
906 1478 1238 1560 oportebit
1267 1497 1579 1559 praesens
1610 1479 1679 1541 in
1720 1480 1981 1543 diemve
2012 1500 2423 1561 quarumque
2455 1498 2671 1543 rerum

373 1581 534 1645 mihi
570 1591 791 1647 tecum
831 1583 1006 1647 actio
1052 1602 1354 1663 quaeque
1399 1581 1520 1645 abs
1561 1591 1631 1646 te
1672 1582 1905 1665 petitio
1935 1582 2041 1645 vel
2081 1584 2397 1648 adversus
2425 1592 2495 1647 te
2526 1601 2673 1663 per-

372 1685 623 1751 secutio
653 1694 753 1749 est
784 1687 907 1750 erit
935 1687 1246 1768 quodque
1290 1694 1365 1749 tu
1413 1706 1636 1751 meum
1673 1685 1880 1750 habes
1912 1697 2097 1751 tenes
2134 1687 2433 1768 possides
2463 1686 2674 1769 possi-

373 1789 645 1853 deresve
696 1790 935 1853 dolove
995 1789 1173 1854 malo
1227 1788 1463 1865 fecisti,
1521 1810 1657 1874 quo
1710 1790 1928 1855 minus
1987 1792 2367 1874 possideas:
2444 1789 2673 1872 quanti

374 1913 677 1975 quaeque
717 1912 943 1957 earum
991 1913 1206 1957 rerum
1248 1914 1350 1957 res
1396 1895 1537 1973 erit,
1578 1902 1839 1958 tantam
1884 1896 2231 1976 pecuniam
2278 1894 2420 1958 dari
2466 1893 2671 1975 stipu-

373 1996 547 2059 latus
579 2004 679 2059 est
708 1994 929 2060 Aulus
958 1995 1268 2081 AgeriuS,
1293 1998 1654 2080 spopondit
1686 2000 2043 2063 Numerius
2074 1996 2434 2082 Negidius?
2511 1998 2673 2061 item

376 2121 414 2163 e
458 2100 715 2164 diverso
759 2102 1115 2165 Numerius
1167 2102 1495 2185 Negidius
1535 2104 1962 2186 interrogavit
2008 2102 2263 2167 Aulum
2308 2102 2670 2185 Agerium:

378 2204 732 2286 ‘quidquid
793 2205 914 2269 tibi
972 2203 1293 2269 hodierno
1346 2207 1455 2271 die
1515 2226 1637 2290 per
1686 2206 2117 2289 Aquilianam
2178 2206 2672 2290 stipulationem

375 2308 721 2390 spopondi,
781 2309 849 2373 id
914 2329 1113 2372 omne
1169 2308 1464 2374 habesne
1523 2308 1963 2394 acceptum?'
2054 2312 2395 2393 respondit
2452 2309 2674 2375 Aulus

377 2577 722 2649 stipulation‚
759 2581 1005 2650 perhaps
1043 2580 1346 2651 employed
1381 2579 1468 2636 sor
1504 2579 1795 2650 security’s
1832 2580 1970 2636 sake
2006 2598 2150 2636 even
2189 2581 2372 2635 where
2410 2581 2506 2636 the
2540 2580 2675 2636 debt

377 2679 492 2718 was
525 2662 824 2718 otherwise
860 2663 1202 2732 discharged
1237 2664 1306 2732 (e.
1325 2681 1378 2734 g.
1404 2663 1481 2732 by
1514 2662 1825 2733 payment),
1859 2663 1975 2717 and
2012 2673 2110 2718 not
2148 2665 2281 2733 only
2308 2664 2393 2732 (as
2431 2664 2528 2718 the
2560 2673 2677 2718 text

377 2745 663 2816 suggests)
691 2748 854 2802 when
880 2765 916 2802 a
939 2747 1254 2817 gratuitous
1286 2748 1502 2802 release
1535 2764 1651 2802 was
1684 2745 1973 2802 intended.
2051 2748 2133 2802 Its
2166 2746 2583 2817 specialisation
2617 2757 2679 2801 to

377 2829 474 2884 the
511 2830 818 2886 extinction
855 2831 922 2886 of
951 2830 1292 2901 obligations
1330 2830 1590 2884 incur-red
1628 2829 1815 2885 verbis
1859 2830 1907 2886 is
1950 2830 2178 2884 alluded
2214 2839 2274 2884 to
2310 2830 2369 2884 in
2408 2831 2677 2899 Terence,

379 2913 625 2984 Adelph.
658 2928 707 2968 2.
751 2929 792 2969 1.
835 2930 902 2968 ιο
937 2914 1152 2986 ‘neque
1187 2924 1250 2970 tu
1293 2914 1482 2968 verbis
1526 2914 1713 2968 solves
1752 2930 2019 2984 unquam,
2057 2913 2211 2984 quod
2252 2913 2390 2967 mihi
2428 2929 2490 2967 re
2525 2914 2673 2969 male

377 2996 612 3052 feceris!
683 2999 962 3054 Whether
987 3016 1060 3053 an
1099 2996 1458 3069 acceptilatio
1492 2996 1549 3051 in
1585 3007 1807 3067 partem
1840 2996 2017 3052 debiti
2052 3013 2166 3051 was
2192 2995 2343 3050 valid
2380 2995 2493 3050 had
2528 2997 2673 3052 been

381 3078 646 3150 disputed
681 3082 737 3136 in
767 3081 962 3137 Gaius’
985 3081 1139 3150 time,
1165 3081 1238 3136 iii.
1275 3094 1391 3148 172.
1462 3079 1791 3150 Justinian's
1829 3089 2132 3135 statement
2170 3079 2236 3133 of
2263 3081 2359 3135 the
2396 3080 2501 3134 law
2526 3090 2675 3134 must

380 3163 452 3218 be
491 3164 664 3220 taken
701 3165 921 3236 subject
959 3175 1018 3220 to
1061 3167 1158 3220 the
1197 3163 1524 3220 distinction
1562 3163 1756 3218 drawn
1793 3163 1870 3233 by
1908 3162 2158 3233 Ulpian:
2200 3161 2279 3218 ‘si
2318 3162 2394 3232 id,
2428 3163 2581 3233 quod
2621 3163 2677 3218 in

381 3246 802 3317 stipulationem
853 3248 1160 3303 deductum
1209 3258 1314 3316 est,
1364 3246 1701 3302 divisionem
1750 3264 1865 3302 non
1907 3246 2160 3317 recipiat,
2210 3245 2567 3318 acceptilatio
2616 3245 2673 3302 in

381 3339 600 3400 partem
638 3330 844 3386 nullius
879 3331 984 3388 erit
1023 3330 1314 3399 momenti,
1341 3339 1400 3385 ut
1439 3340 1577 3399 puta
1613 3329 1663 3384 si
1700 3329 1940 3386 servitus
1976 3329 2080 3385 fuit
2116 3321 2330 3399 praedii
2362 3329 2555 3384 rustici
2588 3331 2677 3386 vel

381 3413 596 3470 urbani.
675 3415 851 3470 Plane
889 3415 936 3470 si
971 3414 1323 3470 ususfructus
1357 3413 1430 3468 sit
1464 3413 1522 3467 in
1560 3412 1985 3482 stipulationem
2021 3413 2315 3482 deductus,
2346 3423 2485 3484 puta
2520 3413 2678 3468 fundi

382 3496 610 3566 Titiani,
647 3497 852 3568 poterit
889 3514 994 3567 pro
1030 3507 1191 3567 parte
1229 3495 1586 3566 acceptilatio
1626 3495 1743 3551 fieri
1779 3507 1835 3552 et
1872 3496 1977 3552 erit
2012 3495 2273 3551 residuae
2308 3495 2485 3566 partis
2522 3495 2677 3550 fundi

380 3581 768 3636 ususfructus:
839 3581 887 3635 si
936 3591 1129 3636 tamen
1178 3580 1331 3635 viam
1390 3579 1516 3651 quis
1565 3579 1865 3649 stipulatus
1914 3590 2151 3650 accepto
2200 3579 2305 3634 iter
2353 3579 2441 3634 vel
2490 3589 2681 3635 actum

380 3663 591 3732 fecerit,
627 3663 986 3734 acceptilatio
1023 3663 1230 3719 nullius
1267 3662 1371 3719 erit
1409 3663 1683 3718 momenti
1701 3664 1715 3691 ’
1753 3663 1882 3732 Dig.
1908 3663 1994 3730 46.
2022 3678 2074 3730 4.
2108 3678 2184 3730 ¹3·
2219 3677 2260 3718 1.
2337 3663 2462 3718 The
2495 3663 2679 3718 words

383 3745 476 3801 ‘ut
501 3745 743 3801 diximus
760 3749 774 3775 ’
797 3746 854 3802 in
879 3747 993 3802 this
1019 3746 1236 3802 section
1261 3764 1358 3803 are
1383 3747 1556 3802 taken
1581 3747 1728 3801 from
1754 3746 1931 3801 Gaius
1958 3745 2033 3801 iii.
2068 3759 2182 3815 170,
2208 3745 2323 3801 and
2348 3748 2681 3816 apparently

382 3829 529 3884 refer
551 3840 612 3884 to
637 3847 796 3886 some
833 3847 1076 3902 passage
1111 3831 1168 3886 in
1202 3830 1291 3886 his
1333 3830 1627 3886 Institutes
1654 3829 1837 3885 which
1862 3831 1965 3886 has
1998 3840 2099 3885 not
2134 3847 2296 3885 come
2322 3829 2487 3885 down
2514 3840 2573 3886 to
2598 3847 2681 3899 us,

383 3928 449 3966 or
473 3914 715 3984 perhaps
742 3923 801 3968 to
827 3931 936 3970 one
961 3915 1028 3969 of
1045 3913 1132 3970 his
1157 3915 1320 3970 other
1343 3915 1542 3970 works.

457 3994 485 4066 ξ
513 3999 571 4051 2.
607 3999 690 4052 As
727 3997 776 4052 is
811 3997 939 4052 said
977 3997 1034 4052 in
1072 3999 1169 4054 the
1204 3997 1512 4068 preceding
1547 3997 1782 4066 section,
1808 4015 1843 4052 a
1880 3997 2016 4053 debt
2054 3996 2314 4053 incurred
2340 3995 2397 4052 in
2422 4015 2535 4067 any
2560 4016 2684 4068 way

385 4081 736 4137 whatsoever
759 4082 928 4137 could
952 4083 1024 4137 be
1049 4082 1430 4138 transformed
1455 4081 1532 4150 by
1555 4081 1786 4136 novatio
1812 4080 1931 4136 into
1956 4099 1991 4136 a
2016 4081 2208 4136 verbal
2232 4078 2542 4151 obligation
2568 4082 2685 4136 and

384 4162 520 4217 then
557 4164 815 4220 released
850 4166 928 4234 by
950 4164 1325 4236 acceptilatio
1401 4166 1490 4219 To
1528 4165 1727 4219 Gallus
1752 4163 2011 4235 Aquilius
2040 4165 2195 4234 (note
2220 4181 2295 4218 on
2322 4164 2425 4220 Bk.
2452 4163 2509 4220 ii.
2541 4179 2621 4234 13.
2654 4180 2677 4218 1

383 4245 558 4315 supr.)
585 4257 736 4302 must
761 4249 834 4303 be
859 4249 1124 4304 awarded
1161 4249 1258 4304 the
1295 4247 1461 4303 merit
1486 4247 1552 4302 os
1579 4247 1792 4317 having
1817 4247 2049 4303 devised
2074 4263 2111 4302 a
2134 4247 2375 4302 formula
2397 4247 2475 4316 by
2499 4247 2683 4302 which

377 4329 460 4388 ,all
501 4329 844 4399 obligations
883 4331 942 4386 in
991 4331 1175 4386 which
1224 4348 1335 4386 one
1376 4331 1492 4386 and
1538 4331 1637 4386 the
1680 4347 1838 4386 same
1886 4347 2093 4402 person
2142 4347 2258 4385 was
2306 4330 2526 4399 debtor‚
2569 4331 2685 4384 and

385 4413 624 4468 another
659 4413 776 4469 and
812 4415 909 4470 the
947 4431 1106 4471 same
1143 4413 1402 4483 creditor,
1429 4413 1598 4468 could
1634 4414 1707 4469 be
1744 4414 2051 4470 embraced
2076 4413 2133 4468 in
2158 4430 2194 4468 a
2230 4412 2410 4482 single
2436 4411 2683 4480 novatio,

385 4495 502 4551 and
520 4496 758 4568 thereby
775 4497 850 4556 be
874 4498 1182 4556 converted
1206 4497 1326 4554 into
1351 4515 1388 4556 a
1410 4497 1592 4566 single
1619 4497 1947 4569 obligatiom
1967 4497 2153 4554 which
2170 4495 2338 4552 could
2357 4496 2509 4567 then,
2536 4495 2575 4550 il
2601 4513 2684 4552 re·-

1441 4599 1637 4670 oga
