3230 5116
344 428 569 496 Ίῖι.ι8.]
1003 428 1125 485 DE
1166 429 1555 485 PUBLICIS
1594 428 1972 489 IUDICIIS.
2524 422 2654 507 609

347 596 700 669 necaverit,
732 616 1019 679 poenam
1047 596 1215 680 legis
1248 597 1599 664 Corneliae
1629 599 1714 663 de
1754 598 2002 664 sicariis
2031 599 2402 665 sustinebit.
2474 600 2648 666 Item
2681 612 2712 664 7

345 702 463 767 lex
525 699 833 765 Cornelia
892 702 979 765 de
1035 700 1235 781 falsis,
1294 722 1469 785 quae
1538 703 1743 767 etiam
1801 706 2302 769 testamentaria
2359 716 2650 781 vocatur,

345 824 632 889 poenam
678 805 923 888 irrogat
970 804 1049 883 ei,
1091 804 1205 889 qui
1249 812 1728 871 testamentum
1764 808 1872 872 vel
1916 807 2098 873 aliud
2139 810 2651 875 instrumentum

344 908 583 974 salsum
614 909 946 992 scripserit
977 908 1335 991 signaverit
1368 910 1742 976 recitaverit
1779 913 2134 977 subiecerit
2163 913 2360 995 quive
2387 915 2650 997 signum

346 1012 795 1077 adulterinum
842 1011 1070 1076 fecerit
1120 1012 1468 1096 sculpserit
1519 1017 1922 1098 expresserit
1969 1017 2183 1081 sciens
2235 1016 2394 1081 dolo
2453 1017 2652 1081 malo.

348 1117 619 1200 eiusque
660 1115 825 1200 legis
869 1136 1087 1199 poena
1126 1118 1195 1181 in
1240 1138 1467 1183 servos
1511 1118 1820 1184 ultimum
1861 1121 2256 1203 supplicium
2303 1131 2424 1198 est,
2471 1123 2650 1205 quod

350 1232 417 1287 et
470 1223 537 1285 in
588 1222 741 1304 lege
794 1222 881 1286 de
939 1222 1187 1287 sicariis
1240 1234 1309 1287 et
1359 1224 1672 1289 veneficis
1716 1234 2029 1305 servatur,
2081 1227 2150 1289 in
2197 1225 2438 1291 liberos
2496 1247 2653 1290 vero

348 1327 745 1409 deportatio.
838 1326 1011 1391 Item
1045 1326 1160 1391 lex
1194 1327 1364 1393 Iulia
1394 1327 1481 1393 de
1508 1330 1575 1393 vi
1605 1329 1872 1412 publica
1906 1352 2022 1395 seu
2054 1331 2308 1413 privata
2339 1332 2652 1395 adversus
2677 1342 2712 1395 8

348 1451 467 1495 eos
494 1430 805 1509 exoritur,
830 1432 943 1513 qui
966 1432 1103 1495 vim
1132 1431 1238 1495 vel
1268 1444 1593 1497 armatam
1636 1432 1741 1497 vel
1771 1434 1914 1499 sine
1953 1434 2152 1498 armis
2181 1434 2650 1499 commiserint.

348 1536 465 1599 sed
499 1534 551 1598 si
583 1535 857 1618 quidem
886 1544 1145 1600 armata
1174 1537 1275 1600 vis
1302 1546 1632 1619 arguatur,
1662 1538 2040 1621 deportatio
2079 1538 2139 1601 ei
2175 1559 2265 1602 ex
2300 1538 2450 1621 lege
2483 1538 2654 1603 Iulia

350 1639 435 1702 de
466 1639 533 1702 vi
565 1638 831 1721 publica
870 1638 1232 1723 irrogatur:
1276 1640 1331 1703 si
1372 1660 1529 1703 vero
1570 1642 1716 1705 sine
1753 1641 1970 1715 armis,
2001 1642 2068 1705 in
2099 1642 2364 1705 tertiam
2395 1652 2652 1725 partem

349 1744 677 1806 bonorum
730 1742 1091 1826 publicatio
1142 1742 1523 1825 imponitur.
1637 1744 1738 1808 sin
1790 1757 2016 1809 autem
2069 1766 2189 1828 per
2235 1747 2374 1810 vim
2427 1756 2658 1829 raptus

348 1846 615 1929 virginis
664 1845 771 1911 vel
830 1845 1069 1910 viduae
1122 1847 1228 1910 vel
1288 1848 1812 1912 sanctimonialis
1869 1848 1974 1913 vel
2031 1848 2204 1913 aliae
2259 1848 2455 1914 suerit
2506 1870 2655 1932 per-

348 1959 664 2034 petratus,
693 1960 848 2014 tunc
890 1959 959 2015 et
995 1960 1377 2033 peccatores
1414 1961 1480 2016 et
1522 1952 1599 2031 ei,
1631 1952 1742 2035 qui
1775 1972 1974 2035 opem
2020 1950 2274 2036 flagitio
2313 1954 2655 2031 dederunt,

349 2054 568 2137 capite
597 2054 961 2137 puniuntur
989 2055 1349 2119 secundum
1382 2066 1650 2121 nostrae
1676 2057 2162 2121 constitutionis
2185 2056 2656 2137 definitionem,

352 2178 440 2221 ex
471 2179 603 2243 qua
632 2157 797 2223 haec
827 2160 1121 2241 apertius
1150 2160 1467 2242 possibile
1498 2168 1601 2225 est
1643 2162 1828 2225 scire.
1921 2160 2072 2224 Lex
2117 2160 2284 2224 Iulia
2313 2161 2657 2244 peculatus
2681 2170 2718 2225 9

350 2281 465 2325 eos
517 2262 725 2346 punit,
780 2262 892 2346 qui
944 2264 1295 2346 pecuniam
1343 2263 1449 2328 vel
1502 2285 1644 2328 rem
1692 2264 2026 2347 publicam
2075 2262 2182 2328 vel
2235 2282 2490 2329 sacram
2550 2266 2656 2331 vel

423 2464 535 2537 §¹1.
574 2466 715 2522 This
764 2468 870 2533 lex,
920 2467 1103 2524 which
1153 2468 1201 2525 is
1250 2468 1437 2525 called
1486 2469 1751 2525 Cornelia
1798 2469 2227 2527 testamentaria
2273 2470 2534 2527 numaria
2580 2472 2658 2541 by

353 2549 553 2608 Cicero
582 2551 663 2622 (in
696 2552 933 2608 Verrem
967 2567 1049 2610 2ι.
1077 2550 1191 2624 42),
1218 2571 1334 2610 was
1369 2552 1580 2624 passed
1610 2554 1689 2624 by
1717 2554 1875 2610 Sulla
1897 2554 2072 2610 about
2106 2555 2205 2611 the
2239 2573 2398 2612 same
2429 2554 2568 2612 time
2593 2573 2657 2612 as

350 2637 473 2691 that
501 2635 572 2690 de
598 2635 815 2692 sicariis
842 2634 896 2707 (ξ
924 2649 950 2706 5
978 2635 1151 2707 supr.)
1226 2638 1351 2693 The
1377 2638 1597 2694 offence
1623 2638 1674 2693 is
1705 2639 1933 2694 defined
1958 2637 2015 2694 in
2045 2638 2174 2709 Dig.
2204 2640 2291 2706 48.
2324 2655 2404 2694 10.
2431 2654 2499 2708 23
2527 2639 2658 2695 ‘fal-

351 2736 479 2774 sum
504 2719 727 2774 videtur
751 2718 810 2773 id
836 2737 979 2788 esse,
1007 2720 1055 2774 si
1094 2720 1219 2790 quis
1244 2720 1494 2776 alienum
1519 2721 1958 2792 chirographum
1993 2720 2258 2791 imitetur,
2284 2733 2380 2778 aut
2406 2723 2658 2778 libellum

350 2803 441 2857 vel
464 2801 713 2858 rationes
750 2801 1049 2859 intercidat
1087 2804 1176 2860 vel
1210 2804 1514 2874 describat,
1551 2821 1668 2860 non
1706 2804 1802 2875 qui
1843 2804 1984 2860 alias
2010 2845 2023 2860 .
2051 2845 2065 2860 .
2093 2845 2106 2860 .
2133 2804 2516 2862 mentiuntur!
2590 2809 2658 2860 In

349 2888 449 2944 the
492 2886 721 2942 collatio
754 2888 947 2957 legum
988 2889 1144 2942 Mos.
1174 2899 1231 2944 et
1270 2889 1433 2943 Rom.
1477 2887 1609 2957 (viii.
1641 2887 1696 2956 7)
1740 2887 1952 2958 Ulpian
1991 2889 2202 2959 speaks
2238 2889 2304 2943 of
2333 2906 2369 2944 a
2404 2899 2658 2945 senatus-

348 2971 573 3026 consult
599 2969 767 3028 made
794 2971 957 3026 when
991 2971 1249 3026 Statilius
1282 2972 1399 3028 and
1430 2973 1654 3026 Taurus
1679 2988 1825 3027 were
1864 2974 2110 3041 consuls,
2136 2971 2320 3028 which
2345 2973 2498 3028 dealt
2525 2973 2658 3030 with

348 3053 620 3124 forgeries
656 3055 723 3108 of
752 3053 1088 3111 documents
1124 3056 1290 3112 other
1326 3056 1465 3110 than
1504 3055 1662 3124 wills,
1699 3064 1760 3110 to
1797 3055 1998 3125 which,
2023 3073 2089 3110 as
2127 3055 2176 3110 is
2213 3055 2366 3111 clear
2400 3055 2544 3112 from
2585 3056 2658 3114 its

349 3154 539 3206 name,
562 3139 661 3194 the
686 3138 775 3194 lex
802 3138 1066 3194 Cornelia
1089 3138 1425 3210 principally
1449 3138 1684 3196 related.
1758 3139 1884 3193 The
1916 3137 2284 3210 punishment
2315 3138 2384 3194 of
2407 3139 2658 3202 sreemen

348 3220 437 3276 for
459 3220 685 3290 sorgery
706 3237 895 3278 seems
920 3231 981 3278 to
1006 3224 1152 3279 have
1178 3222 1372 3278 varied
1403 3223 1575 3278 much
1600 3221 1733 3277 with
1759 3221 1908 3278 their
1930 3222 2073 3277 rank
2097 3222 2213 3276 and
2247 3223 2345 3278 the
2379 3222 2660 3293 enormity

350 3305 419 3360 os
432 3306 531 3360 the
556 3304 795 3374 offence‚
814 3304 830 3334 ‘
845 3305 1239 3362 honestiores.
1312 3305 1411 3362 ,ἰιι
1438 3305 1682 3360 insulam
1699 3305 2150 3376 deportantur..
2171 3305 2542 3362 ‚humiliores
2561 3317 2658 3362 aut

350 3386 410 3444 in
434 3388 726 3444 metallum
750 3387 1111 3458 damnantur,
1136 3389 1319 3446 autin
1344 3405 1573 3444 crucem
1596 3389 1898 3444 tolluntur’
1925 3390 2080 3444 Paul.
2107 3399 2253 3444 sent.
2281 3407 2392 3446 rec.
2425 3403 2474 3459 5.
2501 3403 2586 3461 25.
2613 3405 2657 3460 ι,

354 3469 487 3542 ‘pro
520 3471 693 3525 modo
719 3470 908 3526 delicti
944 3481 1042 3527 aut
1075 3473 1401 3542 relegantur
1436 3480 1533 3526 aut
1568 3472 1756 3541 capite
1790 3471 2128 3567 puniuntur’
2165 3471 2240 3528 ib.
2273 3488 2356 3542 13,
2396 3471 2656 3544 ‘capitali

350 3553 646 3625 supplicio,
691 3554 741 3609 si
790 3554 865 3609 id
896 3555 1085 3625 exigat
1133 3554 1471 3626 magnitudo
1518 3553 1828 3625 commissi,
1871 3556 1963 3612 vel
2012 3555 2485 3627 deportatione..
2512 3555 2658 3612 ‚im-

352 3637 634 3694 minente'
658 3638 799 3694 Cod.
828 3653 877 3709 9.
908 3654 996 3696 22.
1022 3653 1109 3694 22.

424 3721 454 3792 §
481 3727 537 3778 8.
578 3723 703 3778 The
738 3739 895 3779 same
920 3722 1249 3779 distinction
1287 3723 1544 3778 between
1580 3723 1781 3778 armed
1815 3723 1932 3778 and
1962 3723 2238 3780 unarmed
2261 3721 2516 3780 violence
2541 3741 2656 3781 was

353 3805 546 3860 drawn
582 3806 659 3875 by
683 3806 781 3861 the
814 3817 1041 3876 praetor
1065 3807 1122 3862 in
1149 3806 1415 3864 interdict
1440 3808 1547 3862 law
1569 3826 1585 3874 3
1627 3824 1724 3862 see
1749 3823 1824 3862 on
1851 3806 1959 3862 Tit.
1997 3807 2074 3862 16.
2101 3807 2138 3861 6
2162 3823 2315 3878 supr.
2389 3809 2655 3865 Between

350 3887 451 3942 the
486 3898 811 3944 enactment
847 3889 914 3944 os
941 3891 1038 3947 the
1074 3879 1349 3948 lex'lulia
1384 3892 1501 3948 and
1535 3890 1866 3961 justinian's
1904 3890 2041 3947 time
2074 3891 2172 3946 the
2205 3893 2436 3962 penalty
2460 3892 2548 3947 for
2570 3892 2657 3948 vis

353 3981 574 4026 armata
614 3987 801 4028 seems
844 3971 999 4028 often
1042 3983 1102 4028 ιο
1140 3975 1288 4030 have
1325 3975 1471 4031 been
1510 3975 1684 4031 death
1725 3975 1908 4044 (Paul.
1933 3983 2076 4030 sent.
2103 3991 2218 4030 rec.
2247 3987 2290 4044 5.
2321 3974 2408 4029 26.
2442 3990 2488 4044 1,
2513 3976 2653 4034 eod.

354 4053 573 4108 Theod.
600 4068 649 4123 9.
682 4067 763 4108 ιο.
796 4053 865 4123 ι),
890 4055 1090 4124 which,
1114 4057 1391 4125 however,
1419 4075 1535 4114 was
1559 4059 1661 4114 but
1693 4058 1915 4114 seldom
1943 4057 2194 4114 inflicted
2229 4057 2288 4112 in
2316 4059 2415 4114 the
2445 4057 2656 4115 latter’s

352 4136 509 4204 time,
542 4137 761 4207 Cod.9.
792 4151 873 4194 12.
899 4151 931 4205 7
958 4140 1072 4194 and
1098 4140 1151 4208 8,
1178 4140 1313 4210 Dig.
1325 4141 1426 4235 48.
1452 4141 1503 4197 6.
1538 4156 1613 4196 ιο.
1647 4156 1698 4198 2.
1771 4141 2234 4198 Sanctimoniatis
2271 4139 2320 4196 is
2355 4140 2656 4210 explained

352 4220 433 4290 by
455 4221 790 4291 Augustine,
816 4223 995 4279 Serm.
1024 4223 1135 4292 23‘
1148 4223 1379 4294 propria
1402 4235 1461 4280 et
1485 4223 1864 4281 excellentiori
1892 4224 2194 4280 sanctitate
2220 4222 2482 4293 virgines,
2507 4241 2655 4295 quae

352 4303 413 4360 in
449 4305 692 4360 ecclesia
726 4305 1105 4377 nominantur,
1131 4324 1313 4378 quas.
1384 4306 1717 4364 ‚usitatiore
1752 4307 2029 4362 vocabulo
2063 4305 2522 4363 sanctimoniales
2555 4325 2654 4379 ap-

352 4387 565 4457 pellare
620 4389 1055 4446 consuevimus.
1074 4391 1207 4448 ’.cf
1242 4349 1387 4446 Cod.
1428 4406 1469 4446 1.
1507 4404 1554 4458 3.
1596 4402 1664 4460 54
1713 4389 2024 4461 ‘virginum
2081 4391 2172 4448 vel
2220 4389 2516 4446 viduarum
2567 4393 2654 4448 vel

353 4469 820 4542 diaconissarum,
860 4490 1006 4544 quae
1046 4476 1175 4530 Deo
1212 4473 1419 4530 fuerint
1455 4473 1788 4530 dedicatae.²

428 4553 459 4626 ξ
484 4559 543 4612 Θ.
581 4555 707 4613 The
722 4555 822 4614 full
846 4556 969 4614 title
988 4558 1055 4614 os
1070 4557 1185 4616 this
1202 4567 1413 4618 statute
1433 4574 1548 4614 was
1565 4557 1684 4614 ‘lex
1711 4557 1854 4617 Iulia
1871 4558 2164 4630 peculatus
2183 4565 2240 4614 et
2266 4555 2340 4612 de
2364 4555 2655 4628 sacrilegis

1454 4661 1566 4712 Rr
