3230 5116
603 398 730 462 242
1015 387 1162 446 INS
1167 387 1258 444 TI
1258 387 1312 444 T
1315 385 1425 442 UT
1420 386 1463 440 J
1460 383 1713 444 ONUM
1710 395 1721 402 “
1748 383 1987 448 LIBRI
2024 384 2493 457 QUATTUOR.
2684 383 2813 450 [Lib.
2838 389 2901 440 lt.

603 563 828 619 menta
859 562 1002 618 rata
1045 551 1196 632 sint,
1219 561 1226 566 ’
1247 551 1339 617 sic‘
1385 547 1682 631 intellegi
1719 547 1939 627 debet,
1978 558 2053 613 ut
2100 549 2327 632 utique
2368 550 2550 632 prius
2596 558 2902 616 constare

601 660 844 726 debeat
873 667 1353 724 testamentum·
1381 654 1633 720 factum
1665 673 1825 731 esse,
1870 654 2047 736 quod
2080 664 2147 720 et
2178 655 2317 718 sine
2346 655 2667 736 scriptura
2694 675 2736 720 a
2766 675 2901 720 non

599 762 1038 828 militantibus
1077 779 1342 844 quoque
1371 758 1510 825 fieri
1540 766 1785 840 potest.
1852 757 1909 821 is
1938 777 2095 840 ergo
2136 757 2347 835 miles,
2377 758 2464 824 de
2492 759 2677 823 cuius
2706 759 2902 824 bonis

599 867 780 948 apud
809 874 880 930 te
910 865 1259 948 quaeritur,
1299 863 1354 928 si
1400 861 1791 928 convocatis
1822 861 1909 924 ad
1954 860 2081 924 hoc
2124 860 2521 938 hominibus,
2566 872 2645 926 ut
2668 863 2901 926 volun-

599 979 814 1035 tatem
861 990 1052 1034 suam
1098 976 1468 1046 testaretur,
1517 967 1619 1030 ita
1665 964 1927 1030 locutus
1977 973 2096 1044 est,
2144 973 2219 1028 ut
2266 965 2651 1043 declararet,
2700 977 2899 1050 quem

597 1073 803 1139 vellet
853 1074 980 1138 sibi
1032 1093 1177 1136 esse
1233 1070 1548 1136 heredem
1609 1078 1679 1133 et
1737 1069 1843 1132 cui
1894 1067 2275 1134 libertatem
2322 1069 2625 1146 tribuere,
2677 1078 2901 1150 potest

596 1179 807 1243 videri
835 1178 978 1242 sine
1008 1177 1254 1260 scripto
1281 1175 1409 1239 hoc
1441 1174 1643 1238 modo
1674 1193 1820 1238 esse
1849 1182 2129 1238 testatus
2146 1182 2217 1236 et
2244 1173 2556 1238 voluntas
2586 1173 2727 1238 eius
2756 1183 2901 1238 rata

599 1282 910 1347 habenda
939 1291 1060 1346 est.
1148 1288 1442 1346 ceterum
1471 1281 1546 1357 si,
1575 1287 1651 1342 ut
1683 1277 2074 1360 plerumque
2108 1278 2520 1342 sermonibus
2544 1277 2682 1342 fieri
2712 1278 2900 1355 solet,

597 1387 777 1451 dixit
825 1385 1060 1450 alicui:
1148 1389 1308 1466 ‘ego
1356 1393 1426 1448 te
1477 1382 1793 1448 heredem
1850 1381 2021 1446 facio
2043 1379 2075 1404 ’'
2119 1392 2235 1448 aut
2296 1382 2452 1446 ‘tibi
2510 1383 2693 1448 bona
2752 1403 2899 1448 mee

596 1487 936 1573 relinquo,’
989 1510 1122 1554 non
1180 1498 1444 1571 oportet
1499 1486 1630 1552 hoc
1688 1507 1810 1570 pro
1868 1495 2277 1552 testamento
2335 1487 2685 1552 observari.
2774 1509 2899 1554 nec

600 1594 886 1658 ullorum
929 1595 1144 1678 magis
1190 1594 1464 1658 interest
1507 1613 1711 1676 quam
1748 1592 2059 1674 ipsorum,
2100 1592 2341 1674 quibus
2380 1591 2448 1654 id
2484 1592 2896 1674 privilegium

600 1701 833 1764 datum
891 1708 1009 1779 est,
1063 1699 1385 1763 eiusmodi
1432 1695 1819 1779 exemplum
1878 1716 2011 1760 non
2070 1696 2377 1762 admitti:
2422 1697 2725 1780 alioquin·
2766 1717 2899 1762 non

541 1853 550 1858 -
601 1804 951 1868 difficulter
994 1815 1148 1887 post
1197 1811 1478 1868 mortem
1525 1802 1799 1866 alicuius
1836 1801 2063 1865 militis
2114 1811 2317 1866 testes
2359 1801 2741 1876 existerent,
2784 1803 2897 1884 qui

599 1909 1024 1974 adfirmarent
1067 1929 1141 1972 se
1183 1908 1448 1972 audisse
1487 1907 1821 1971 dicentem
1866 1905 2153 1988 aliquem
2198 1905 2673 1989 relinquerese
2702 1907 2895 1985 bona,¹

542 2029 576 2085 2
599 2015 705 2077 cui
757 2014 971 2077 visum
1021 2013 1124 2094 sit,
1175 2023 1244 2078 et
1281 2032 1399 2096 per
1448 2011 1574 2076 hoc
1628 2011 1869 2075 iudicia
1914 2029 2073 2074 vera
2120 2009 2655 2074 subvertantur.’·
2696 2011 2907 2093 Quin.

592 2118 808 2182 immo
837 2127 906 2182 et
947 2099 1172 2182 mutus
1209 2127 1278 2181 et
1323 2117 1560 2181 surdus
1604 2115 1794 2179 miles
1836 2123 2311 2180 testamentum
2352 2113 2567 2179 facere
2596 2125 2895 2198 possunt.

541 2231 576 2284 3
597 2219 748 2286 Sed·
771 2221 1094 2286 hactenus
1123 2220 1250 2284 hoc
1291 2219 1420 2284 illis
1456 2240 1498 2283 a
1543 2218 2015 2302 principalibus
2050 2218 2636 2284 constitutionibus
2665 2239 2900 2283 conce·

597 2325 796 2403 ditur,
825 2333 1152 2407 quatenus
1181 2323 1470 2388 militant
1511 2332 1580 2387 et
1625 2323 1691 2386 in
1734 2323 1963 2388 castris
1992 2323 2283 2405 degunt:
2331 2332 2483 2406 post
2514 2324 2893 2388 missionem

598 2448 755 2491 vero
783 2427 1076 2491 veterani
1105 2426 1212 2491 vel
1245 2436 1438 2490 extra
1474 2435 1691 2490 castra
1735 2427 1791 2490 si
1835 2425 2083 2491 saciant
2116 2424 2337 2491 adhuc
2372 2427 2732 2492 militantes
2760 2437 2897 2492 tes-

599 2539 992 2607 ramentum,
1023 2529 1357 2596 communi
1398 2529 1697 2596 omnium
1733 2529 1975 2594 civium
2023 2529 2477 2597 Romanorum
2515 2531 2652 2596 iure
2681 2530 2895 2599 facere

597 2634 864 2700 debent.
968 2643 1037 2698 et
1083 2634 1264 2719 quod
1309 2634 1378 2697 in
1420 2634 1652 2698 castris
1693 2622 1966 2699 fecerint
2008 2642 2481 2699 testamentum
2531 2655 2664 2699 non
2716 2655 2897 2699 com-

597 2736 783 2801 muni
842 2736 1000 2813 iure,
1059 2737 1176 2802 sed
1245 2737 1586 2819 quomodo
1660 2737 2004 2816 voluerint,
2063 2747 2217 2821 post
2282 2739 2662 2805 missionem
2724 2739 2896 2805 intra

597 2860 844 2903 annum
891 2849 1153 2905 tantum
1196 2838 1465 2905 valebit.
1549 2842 1711 2925 quid
1758 2841 1973 2927 igitur,
2021 2841 2075 2905 si
2120 2842 2293 2906 intra
2336 2862 2583 2907 annum
2624 2842 2893 2928 quidem

598 2945 970 3023 decesserit,
1004 2946 1302 3010 condicio
1341 2954 1568 3010 autem
1613 2944 1840 3011 heredi
1885 2946 2216 3031 adscripta
2252 2956 2405 3031 post
2444 2967 2690 3011 annum
2723 2946 2897 3011 exti-

599 3046 800 3114 terit?
863 3070 948 3113 an
985 3050 1174 3133 quasi
1213 3049 1438 3114 militis
1479 3058 1953 3115 testamentum
1996 3050 2259 3117 valeat?
2321 3060 2390 3116 et
2428 3052 2649 3135 placet
2676 3051 2895 3115 valere

539 3164 575 3217 4
597 3154 787 3237 quasi
811 3153 1054 3218 militie.
1115 3152 1252 3221 Sed
1285 3161 1354 3219 et
1383 3154 1438 3218 si
1469 3154 1617 3237 quis
1645 3164 1806 3219 ante
1836 3153 2141 3221 militiam
2172 3174 2305 3219 non
2340 3154 2478 3218 iure
2505 3155 2661 3219 fecit
2690 3163 2895 3219 testa·

593 3268 899 3322 mentum
939 3266 1008 3321 et
1053 3257 1240 3323 miles
1285 3257 1498 3322 factus
1543 3268 1612 3323 et
1658 3259 1735 3323 in.
1772 3260 2199 3341 expeditione
2243 3260 2493 3340 degens
2541 3259 2895 3339 resignavit

593 3360 758 3439 illud
792 3370 860 3424 et
889 3362 1218 3443 quaedam
1262 3360 1505 3425 adiecit
1541 3361 1681 3424 sive
1724 3361 2016 3427 detraxit
2059 3360 2166 3425 vel
2206 3359 2370 3422 alias
2412 3360 2765 3424 manifesta
2794 3369 2894 3423 est

597 3464 828 3545 militis
848 3462 1156 3527 voluntas
1185 3462 1311 3526 hoc
1341 3462 1560 3527 valere
1594 3463 1897 3541 volentis,
1927 3463 2279 3529 dicendum
2312 3471 2413 3525 est
2440 3463 2660 3527 valere
2691 3470 2893 3527 testa-

539 3574 898 3633 5mentum
943 3564 1132 3646 quasi
1179 3586 1272 3631 ex
1319 3584 1492 3640 nova
1539 3565 1765 3629 militis
1816 3564 2181 3631 voluntate.
2270 3564 2575 3647 Denique
2621 3573 2691 3629 et
2732 3566 2789 3629 si
2825 3566 2893 3631 in

593 3668 1098 3751 adrogationem
1121 3668 1318 3733 datus
1348 3667 1544 3733 suerit
1577 3668 1767 3735 miles
1795 3669 1900 3733 vel
1937 3669 2108 3733 filius
2138 3668 2419 3737 familias
2440 3670 2895 3752 emancipatus

593 3764 718 3847 cst,
743 3780 1218 3837 testamentum
1251 3772 1391 3836 eius
1420 3772 1609 3855 quasi
1638 3773 1861 3837 militis
1898 3794 1987 3837 ex
2017 3793 2187 3838 nova
2210 3772 2551 3838 voluntate
2572 3774 2753 3839 valet
2774 3794 2894 3838 nec

595 3876 861 3941 videtur
889 3876 1124 3958 capitis
1152 3874 1606 3941 deminutione
1642 3875 1897 3941 irritum
1929 3874 2089 3941 fieri.

537 3992 576 4047 6
687 3978 1046 4047 Sciendum
1077 3988 1304 4043 tamen
1337 3988 1454 4058 est,
1489 3982 1671 4063 quod
1718 3981 1803 4045 ad
1851 3980 2247 4065 exemplum·
2278 3980 2626 4045 castrensis
2656 3980 2895 4063 peculii

591 4092 737 4145 mm
782 4083 1140 4147 anteriores
1168 4082 1352 4165 leges
1389 4101 1590 4166 quam
1638 4084 2038 4167 principales
2084 4084 2587 4151 constitutiones
2625 4083 2894 4166 quibus·

671 4262 787 4329 §2
825 4262 912 4330 By
939 4260 1080 4316 Cod.
1105 4260 1157 4316 6.
1185 4274 1269 4316 22.
1301 4276 1368 4316 ιο
1401 4262 1487 4315 all¹
1518 4260 1659 4317 deas
1694 4278 1759 4316 or
1794 4260 1972 4317 dumb
2008 4262 2211 4333 people
2248 4262 2375 4317 who
2412 4262 2581 4318 could
2616 4261 2795 4332 speak
2831 4276 2899 4316 or

597 4344 754 4399 write
792 4348 936 4399 w'ere
975 4344 1218 4399 enabled
1261 4354 1322 4399 to
1359 4345 1528 4399 make
1569 4362 1606 4399 a
1650 4344 1779 4399 will.
1868 4346 2119 4415 Perhaps
2159 4346 2256 4400 the
2296 4354 2413 4399 text
2456 4361 2654 4403 means
2698 4344 2820 4400 that
2860 4360 2897 4398 a

593 4426 808 4487 soldier
830 4428 958 4483 who
981 4444 1102 4483 was
1123 4426 1262 4484 deas
1277 4444 1343 4482 or
1367 4428 1541 4511 dumb
1567 4428 1751 4497 might
1780 4426 1856 4483 do
1892 4446 1957 4483 so
1992 4444 2135 4485 even
2158 4429 2236 4501 by
2261 4426 2457 4500 signs:
2495 4428 2585 4485 fon
2606 4426 2895 4497 analogies

597 4510 666 4568 ef.
695 4510 832 4583 Dig.
857 4524 944 4585 ²9·
978 4526 1034 4568 ι..
1056 4524 1136 4584 ι5.
1169 4524 1240 4579 1.;
1276 4525 1363 4584 29·
1389 4524 1438 4583 7„
1465 4512 1516 4571 8.
1541 4526 1619 4581 43
1656 4524 1742 4585 32.
1769 4525 1851 4567 21.
1878 4527 1963 4586 pr.
2074 4542 2081 4551 -
