3230 5116
469 420 570 472 Tit.
594 414 670 480 6.]
993 415 1147 487 QUI
1184 414 1311 470 EX
1350 415 1666 489 QUIBUS
1710 416 2025 487 CAUSJS,
2069 414 2250 473 ETC.
2665 429 2782 475 111

467 588 647 644 tores
698 600 805 643 res
852 578 1283 645 hereditarias
1334 579 1503 645 servi
1558 579 1826 646 nomine
1876 581 2187 654 vendant,
2239 600 2322 645 ne
2381 579 2610 644 iniuria
2669 582 2784 645 de-

466 682 731 747 functus
760 683 1097 749 afficiatur.
1187 682 1511 768 Idemque
1542 686 1696 748 iuris
1727 694 1832 749 est
1861 694 1928 748 et
1959 686 2014 747 si
2051 687 2192 747 sine
2223 684 2532 750 libertate
2561 706 2785 750 servus
2811 694 2846 747 2

469 786 661 851 heres
713 788 1051 852 institutus
1106 797 1228 853 est.
1319 788 1499 871 quod
1554 798 1784 852 nostra-
1830 788 2216 853 constitutio
2267 809 2401 851 non
2451 788 2662 853 solum
2717 790 2784 853 in

470 891 759 969 domin0,
787 892 901 974 qui
938 892 1259 956 solvendo
1304 912 1436 955 non
1482 902 1601 968 est,
1633 894 1752 957 sed
1797 891 2194 974 generaliter
2229 893 2570 957 constituit
2615 913 2786 957 nova

471 994 901 1059 humanitatis
944 996 1215 1070 ratione,
1261 1006 1338 1060 ut
1392 1016 1485 1059 ex
1536 998 1682 1079 ipsa
1735 998 2056 1079 scriptura
2107 995 2538 1058 institutionis
2582 996 2786 1059 etiam

472 1098 741 1164 libertas
786 1101 847 1163 ei
892 1109 1273 1185 competere
1316 1101 1640 1175 videatur,
1681 1119 1832 1163 cum
1887 1121 2020 1163 non
2073 1108 2176 1164 est
2218 1098 2574 1163 verisimile
2615 1119 2786 1177 eum,

474 1224 671 1287 quem
702 1204 1019 1269 heredem
1048 1204 1171 1269 sibi
1204 1204 1421 1287 elegit,
1445 1206 1499 1268 si
1530 1204 2044 1288 praetermiserit
2075 1202 2399 1267 libertatis
2427 1203 2785 1281 dationem,

472 1329 729 1372 servum
762 1329 1101 1373 remanere
1126 1310 1413 1374 voluisse
1450 1320 1518 1375 et
1565 1311 1900 1373 neminem
1946 1308 2069 1373 sibi
2106 1306 2420 1372 heredem
2457 1307 2612 1372 fore.
2705 1309 2782 1373 In
2812 1314 2846 1367 3

472 1410 769 1477 fraudem
813 1422 1035 1478 autem
1082 1414 1481 1479 creditorum
1526 1414 1991 1479 manumittere
2029 1412 2304 1491 videtur,
2350 1414 2462 1494 qui
2497 1413 2604 1476 vel
2649 1412 2782 1477 iam

474 1537 555 1581 eo
602 1524 905 1599 tempore
951 1538 1085 1599 quo
1138 1518 1548 1582 manumittit
1589 1517 1908 1581 solvendo
1961 1538 2092 1581 non
2147 1526 2266 1594 est,
2301 1517 2407 1581 vel
2453 1518 2566 1599 qui
2610 1518 2784 1583 datis

472 1616 889 1681 libertatibus
932 1617 1257 1681 desiturus
1302 1626 1405 1683 est
1450 1616 1770 1681 solvendo
1815 1636 1979 1680 esse.
2068 1615 2510 1699 praevaluisse
2554 1626 2780 1681 tamen

472 1721 749 1799 videtur,
800 1721 923 1784 nisi
972 1722 1266 1785 animum
1320 1742 1583 1805 quoque
1642 1720 1990 1785 fraudandi
2041 1722 2479 1786 manumissor
2530 1720 2780 1795 habuit,

472 1844 610 1887 non
652 1824 955 1906 impediri
1001 1825 1393 1904 libertatem,
1434 1825 1735 1909 quamvis
1777 1825 1953 1890 bona
1997 1826 2136 1889 eius
2180 1826 2609 1889 creditoribus
2647 1845 2780 1887 non

472 1928 833 1995 sufficiant:
884 1950 1087 2012 saepe
1134 1931 1309 1993 enim
1358 1930 1445 1993 de
1496 1928 1918 1995 facultatibus
1963 1930 2096 1993 suis
2139 1928 2424 2011 amplius
2469 1948 2668 2011 quam
2715 1928 2780 1991 in

470 2031 577 2094 his
628 2042 731 2097 est
784 2044 1053 2116 sperant
1097 2033 1417 2098 homines.
1507 2034 1732 2117 itaque
1782 2044 1940 2098 tunc
1989 2032 2434 2114 intellegimus
2481 2031 2781 2113 impedin‘

472 2134 869 2216 libertatem,
901 2156 1051 2201 cum
1082 2145 1359 2221 utroque
1405 2138 1608 2202 modo
1651 2137 2035 2201 fraudantur
2070 2136 2444 2208 creditores,
2479 2136 2544 2199 id
2577 2143 2678 2199 est
2715 2143 2783 2198 et

472 2240 745 2304 consilio
776 2240 1302 2306 manumittentis
1332 2250 1401 2305 et
1431 2241 1573 2325 ipsa
1605 2261 1694 2321 re,
1725 2262 1806 2305 eo
1837 2241 2016 2323 quod
2052 2240 2229 2304 bona
2266 2258 2398 2302 non
2429 2238 2782 2303 suffectura

472 2354 625 2408 sunt
657 2345 1100 2411 creditoribus.

562 2447 821 2513 Eadem
852 2449 1002 2532 lege
1030 2448 1232 2515 Aelia
1276 2448 1507 2515 Sentia
1547 2450 1820 2513 domino
1867 2448 2100 2511 minori
2139 2448 2328 2511 annis
2373 2446 2602 2530 viginti
2649 2466 2780 2511 non
2809 2457 2843 2508 4

471 2552 669 2618 aliter
706 2555 1171 2621 manumittere
1220 2556 1640 2639 permittitur,
1685 2575 1886 2638 quam
1947 2554 2003 2619 si
2048 2554 2336 2619 vindicta
2395 2553 2574 2636 apud
2627 2573 2781 2618 con·

472 2659 691 2723 silium
720 2660 893 2724 iusta
920 2681 1117 2724 causa
1147 2661 1678 2724 manumissionis
1707 2660 2074 2743 adprobata
2105 2658 2343 2723 fuerint
2375 2659 2777 2722 manumiss-i.

474 2763 701 2828 Iustae
728 2773 953 2828 autem
988 2766 1517 2829 manumissionis
1547 2785 1784 2830 causae
1825 2773 1996 2842 sunt,
2024 2761 2230 2827 veluti
2261 2764 2316 2826 si
2348 2763 2494 2845 quis
2524 2773 2780 2846 patrem
2811 2776 2844 2829 5

472 2877 591 2932 aut
634 2878 915 2933 matrem
960 2880 1075 2934 aut
1119 2869 1326 2933 filium
1377 2869 1664 2933 filiamve
1707 2877 1823 2933 aut
1861 2867 2128 2932 fratrem
2175 2887 2550 2931 sororemve
2587 2874 2780 2930 natu·

472 2972 643 3036 rales
699 2981 815 3036 aut
872 2975 1331 3058 paedagogum
1391 2975 1712 3039 nutricem
1782 2973 2205 3037 educatorem
2265 2981 2382 3035 aut
2443 2968 2780 3033 alumnum

474 3076 892 3141 alumnamve
939 3086 1053 3142 aut
1104 3079 1583 3143 collactaneum
1645 3077 2090 3153 manumittat,
2141 3083 2257 3138 aut
2316 3094 2576 3137 servum
2628 3092 2780 3154 pro·

546 3301 672 3356 The
708 3301 799 3356 lex
822 3301 989 3356 Aelia
1024 3299 1223 3357 Sentia
1260 3300 1359 3356 did
1396 3310 1497 3355 not
1534 3301 1706 3369 apply
1742 3309 1802 3354 to
1835 3295 2134 3369 peregrini,
2167 3305 2228 3351 to
2262 3295 2466 3361 whom,
2500 3295 2779 3363 however,

475 3382 590 3438 this
614 3394 740 3454 part
760 3385 827 3440 of
842 3384 887 3440 it
910 3382 1155 3454 relating
1178 3395 1239 3439 to
1264 3383 1678 3439 manumission
1707 3381 1764 3436 in
1791 3382 1954 3437 fraud
1979 3381 2046 3436 of
2063 3378 2338 3435 creditors
2356 3395 2472 3432 was
2498 3377 2780 3433 extended

472 3467 553 3535 by
600 3483 638 3524 a
686 3467 702 3498 ⁸
720 3468 1307 3524 senatusconsultum’
1356 3466 1535 3522 under
1588 3463 1891 3532 Hadrian3
1940 3463 2118 3519 Gaius
2163 3462 2201 3517 i.
2242 3475 2331 3529 47.
2425 3460 2604 3518 Gaius
2647 3477 2780 3530 says

478 3549 537 3617 (i.
563 3549 655 3619 37)
682 3553 805 3607 that
837 3553 937 3607 the
968 3560 1179 3607 statute
1203 3549 1443 3605 allowed
1479 3566 1515 3604 a
1550 3558 1754 3619 patron
1793 3557 1854 3602 to
1889 3547 2098 3602 revoke
2122 3543 2564 3600 manumissionis
2589 3544 2665 3614 by
2689 3542 2779 3598 his

473 3632 767 3690 freedmen
800 3634 985 3690 which
1022 3633 1209 3689 would
1244 3632 1521 3702 seriously
1556 3631 1766 3702 impair
1806 3631 1896 3685 his
1937 3645 2064 3685 own
2107 3629 2286 3699 rights
2326 3629 2394 3684 of
2435 3627 2778 3684 succession.

478 3719 593 3772 For
624 3717 723 3773 the
760 3719 882 3774 sale
918 3718 983 3774 of
1011 3733 1047 3774 a
1084 3716 1369 3774 deceased
1402 3716 1734 3772 insolvent’s
1757 3724 2026 3785 property
2051 3731 2148 3769 see
2175 3711 2354 3768 Gaius
2379 3712 2456 3769 iii.
2483 3713 2696 3780 78-8o:
2735 3710 2779 3768 it

476 3801 725 3857 entailed
760 3802 1134 3872 posthumous
1172 3799 1425 3870 infamia,
1450 3799 1684 3855 whence
1710 3799 1754 3854 it
1782 3798 1831 3855 is
1865 3797 1992 3853 said
2029 3796 2260 3853 ‘servus
2297 3795 2652 3852 necessarius
2680 3834 2695 3849 .
2720 3836 2734 3849 .
2761 3836 2775 3850 .

476 3903 591 3941 non
628 3887 811 3957 magis
846 3885 1251 3958 patrimonium
1278 3899 1451 3956 quam
1489 3883 1784 3940 infamiam
1809 3881 2082 3955 consequi
2107 3881 2332 3940 videtur
2347 3882 2361 3909 ³
2387 3881 2530 3936 Cod.
2555 3879 2774 3936 Theod.

480 3984 525 4024 2.
562 3985 640 4040 ¹9·
668 3986 719 4041 3.

549 4057 579 4129 ξ
604 4062 661 4114 8.
700 4059 827 4114 The
852 4067 1177 4114 enactment
1200 4057 1449 4114 referred
1474 4067 1535 4113 to
1560 4055 1607 4110 is
1635 4056 1694 4111 in
1722 4053 1868 4110 Cod.
1889 4052 1939 4108 6.
1969 4065 2055 4120 27.
2086 4063 2130 4123 5.

548 4143 578 4209 §
605 4147 664 4196 4.
702 4143 828 4199 The
852 4143 1065 4198 motive
1088 4141 1155 4197 of
1171 4141 1284 4197 this
1310 4149 1436 4212 part
1474 4140 1538 4195 of
1557 4140 1656 4195 the
1685 4146 1898 4195 statute
1923 4136 1974 4192 is
2000 4136 2188 4192 stated
2212 4136 2290 4206 by
2315 4133 2684 4205 Theophilus,
2712 4131 2780 4187 δι’

472 4228 673 4282 εὔνοιαν
706 4229 810 4280 τῶν
843 4223 1271 4295 ἕλευθεροῦπων
1308 4221 1565 4292 ἠπίστατο
1600 4223 1704 4294 γὰρ
1741 4221 1812 4278 ὣς·
1848 4260 1864 4276 .
1889 4259 1906 4276 .
1939 4257 1956 4273 .
1989 4221 2212 4290 εὐχερῶς
2247 4217 2538 4272 ‹inari-urm
2561 4257 2575 4272 .
2605 4256 2620 4270 .
2647 4253 2660 4270 .
2686 4214 2779 4282 τὴν

474 4310 664 4365 ἑαυτῶν
688 4310 1005 4365 ε’λσττοῦσιν
1039 4309 1354 4364 ὑπόστασιν.
1426 4307 1553 4363 The
1591 4304 1892 4361 consilium
1931 4302 2220 4359 consisted
2257 4311 2316 4358 at
2354 4303 2538 4356 Rome
2573 4299 2641 4354 of
2669 4299 2777 4353 five

473 4404 733 4449 senators
770 4391 887 4448 and
922 4391 1033 4448 five
1066 4388 1301 4461 knights
1338 4391 1521 4446 above
1563 4391 1663 4445 the
1699 4405 1808 4459 age
1839 4389 1905 4442 os
1932 4387 2191 4459 puberty,
2227 4385 2354 4440 who
2391 4394 2479 4440 sat
2516 4399 2590 4438 on
2630 4380 2778 4436 fixed

475 4477 617 4548 days
642 4497 659 4545 ;
699 4474 879 4532 Gaius
903 4474 942 4531 i.
968 4491 1052 4546 πο,
1082 4475 1314 4546 Ulpian,
1338 4491 1453 4544 reg.
1488 4488 1533 4528 1.
1566 4488 1629 4543 13
1646 4486 1703 4542 A,
1733 4471 1865 4541 Dig.
1898 4486 1942 4526 1.
1975 4485 2058 4525 10.
2083 4485 2166 4541 pr.
2192 4467 2310 4524 and
2336 4483 2386 4524 2.

547 4562 663 4628 §5.
700 4561 819 4616 For
853 4561 951 4616 the
987 4576 1253 4615 common
1302 4559 1689 4632 employment
1739 4556 1804 4611 of
1846 4556 2030 4612 slaves
2067 4571 2132 4610 as
2169 4546 2487 4623 paedagogi
2531 4545 2603 4602 cs.
2649 4546 2778 4602 Plu·
