3230 5116
424 427 526 476 Tit.
547 419 652 486 αα]
1301 419 1424 474 DE
1465 418 1691 475 LEGA
1705 419 1854 475 TIS.
2593 410 2721 494 285

422 584 740 666 legatum,
773 584 828 648 si
859 582 1018 647 nihil
1050 582 1199 666 plus
1229 591 1331 649 est
1367 583 1435 647 in
1463 583 1689 666 legato
1728 604 1933 668 quam
1976 582 2041 647 in
2084 583 2331 661 debito,
2358 585 2515 668 quia
2562 584 2722 649 nihil

423 688 708 770 amplius
730 686 936 753 habet
960 707 1078 770 per
1101 687 1416 770 legatum.
1482 688 1721 772 quodsi
1752 687 1820 751 in
1852 688 2029 754 diem
2052 687 2156 752 vel
2188 687 2311 754 sub
2337 689 2731 779 condicione·

423 792 725 857 debitum
758 791 817 856 ei
848 812 1012 875 pure
1041 791 1379 874 legaverit,
1403 792 1568 856 utile
1591 802 1694 857 est
1724 791 2017 875 legatum
2047 801 2315 876 propter
2344 812 2723 875 repraesen-

421 896 765 961 tationem.
853 896 1092 979 quodsi
1148 895 1300 960 vivo
1360 904 1683 961 testatore
1738 898 1883 961 dies
1940 897 2191 961 venerit
2248 906 2365 961 aut
2424 897 2725 960 condicio

423 1000 740 1077 extiterit,
773 1000 1172 1083 Papinianus
1217 999 1477 1083 scripsit
1520 1002 1685 1066 utile
1728 1021 1874 1065 esse
1917 1001 2123 1065 nihilo
2164 1002 2380 1065 minus
2411 1001 2724 1084 legatum,

427 1104 585 1186 quia
624 1103 832 1168 semel
875 1103 1190 1169 constitit.
1276 1105 1458 1187 quod
1505 1114 1574 1169 et
1620 1125 1849 1168 verum
1895 1113 2032 1169 est:
2080 1126 2212 1168 non
2258 1097 2433 1168 enim
2475 1104 2728 1188 placuit

421 1208 752 1272 sententia
781 1206 1309 1272 existimantium
1350 1209 1722 1273 extinctum
1766 1228 1911 1272 esse
1946 1207 2259 1291 legatum,
2291 1209 2445 1290 quia
2474 1209 2541 1270 in
2573 1228 2722 1271 eam

421 1329 692 1376 causam
739 1311 1056 1392 pervenit,
1105 1331 1148 1374 a
1193 1331 1327 1395 qua
1381 1311 1664 1395 incipere
1714 1331 1850 1375 non
1902 1319 2144 1394 potest.
2236 1309 2374 1375 Sed
2424 1311 2478 1374 si
2532 1309 2722 1375 uxori
2751 1315 2821 1371 15

421 1413 699 1479 maritus
730 1414 960 1478 dotem
993 1413 1329 1497 legaverit,
1357 1415 1537 1480 valet
1566 1415 1881 1498 legatum,
1913 1416 2067 1498 quia
2098 1414 2358 1497 plenius
2403 1425 2504 1479 est
2549 1413 2724 1497 lega-

419 1525 565 1582 tum
597 1537 799 1601 quam
840 1517 926 1616 de
964 1518 1123 1583 dote
1157 1519 1353 1584 actio,
1432 1521 1551 1584 sed
1596 1519 1653 1584 si
1699 1540 1901 1602 quam
1948 1539 2080 1584 non
2124 1520 2451 1602 acceperit
2494 1519 2724 1584 dotem

421 1621 755 1704 legaverit,
787 1621 922 1687 divi
961 1621 1245 1688 Severus
1285 1633 1356 1689 et
1400 1622 1785 1689 Antoninus
1831 1624 2320 1718 rescripserunt,
2348 1625 2402 1687 si
2450 1623 2722 1707 quidem

427 1726 816 1809 simpliciter
836 1726 1172 1810 legaverit,
1195 1728 1426 1794 inutile
1452 1749 1597 1794 esse
1620 1728 1939 1812 legatum:
1980 1729 2035 1794 si
2057 1748 2215 1793 vero
2240 1738 2421 1794 certa
2444 1729 2724 1810 pecunia

419 1829 525 1894 vel
565 1840 819 1896 certum
862 1851 1099 1914 corpus
1130 1841 1248 1897 aut
1277 1831 1792 1898 instrumentum
1824 1831 2001 1896 dotis
2032 1832 2101 1895 in
2130 1831 2575 1915 praelegando
2607 1832 2723 1895 de-

419 1944 786 1999 monstrata
814 1944 987 2011 sunt,
1011 1934 1231 2000 valere
1255 1935 1570 2018 legatum.
1627 1934 1702 1999 Si
1727 1955 1829 1999 res
1852 1935 2077 2017 legata
2098 1934 2237 1998 sine
2262 1934 2438 1998 facto
2461 1933 2724 1998 heredis
2752 1937 2821 1992 16

418 2037 701 2120 perierit,
745 2036 1066 2120 legatario
1109 2038 1393 2105 decedit.
1483 2049 1554 2103 et
1603 2039 1660 2102 si
1712 2058 1940 2102 servus
1985 2037 2237 2102 alienus
2281 2036 2540 2118 legatus
2585 2039 2725 2101 sine

418 2139 600 2205 facto
643 2140 906 2205 heredis
953 2142 1395 2206 manumissus
1430 2141 1649 2219 fuerit,
1694 2161 1829 2205 non
1879 2151 2145 2206 tenetur
2184 2139 2395 2205 heres.
2482 2141 2537 2204 si
2568 2161 2725 2204 vero

420 2241 683 2307 heredis
719 2235 1248 2328 servus'legatus
1289 2243 1485 2311 fuerit
1524 2255 1593 2310 et
1636 2246 1777 2327 ipse
1818 2264 1969 2308 eum
2011 2243 2485 2316 manumiserit,
2516 2245 2725 2309 teneri

421 2368 574 2414 eum
609 2348 903 2413 Iulianus
939 2351 1216 2432 scripsit,
1251 2370 1372 2414 nec
1417 2351 1711 2428 interest,
1744 2349 1963 2418 scierit
2006 2369 2092 2412 an
2128 2348 2523 2432 ignoraverit
2566 2369 2607 2412 a
2652 2369 2727 2412 se

419 2449 717 2535 legatum
748 2473 914 2520 esse.
977 2454 1096 2517 sed
1122 2463 1190 2518 et
1221 2453 1276 2517 si
1307 2452 1418 2518 alii
1449 2454 1797 2520 donaverit
1826 2473 2089 2518 servum
2123 2461 2191 2520 et
2221 2453 2276 2516 is
2306 2451 2411 2516 cui
2439 2452 2727 2516 donatus

419 2707 728 2779 condition,
777 2708 826 2763 is
875 2708 1012 2780 paid
1057 2708 1254 2765 before
1301 2710 1400 2765 the
1449 2708 1588 2764 time
1637 2725 1703 2764 or
1750 2709 1848 2765 the
1904 2726 2244 2765 occurrence
2292 2710 2358 2765 of
2405 2710 2503 2765 the
2560 2718 2728 2764 event

419 2792 708 2862 specified,
749 2793 848 2848 the
891 2792 1138 2849 creditor
1175 2792 1224 2847 is
1263 2809 1366 2863 pro
1403 2802 1564 2848 tanto
1601 2793 1804 2861 better,
1840 2794 1941 2848 the
1975 2794 2180 2850 debtor
2215 2810 2319 2864 pro
2356 2802 2516 2848 tanto
2548 2810 2731 2847 worse

419 2876 531 2930 off:
568 2874 682 2930 this
707 2874 842 2945 gain
867 2892 932 2929 or
955 2876 1072 2930 loss
1095 2874 1145 2930 is
1170 2876 1354 2931 called
1379 2874 1798 2943 interusurium,
1824 2876 2189 2931 commodum
2214 2892 2279 2930 or
2302 2875 2730 2930 incommodum

417 2957 970 3028 repraesentationis,
1007 2956 1065 3014 in
1116 2959 1354 3015 modern
1396 2958 1729 3015 mercantile
1776 2960 2057 3029 language
2100 2960 2286 3014 rabatt
2334 2975 2399 3013 or
2446 2957 2727 3013 disconto.

421 3040 482 3097 If
497 3057 534 3095 a
557 3049 796 3097 testator
823 3041 1014 3097 leaves
1047 3051 1108 3096 to
1133 3058 1170 3096 a
1193 3042 1484 3112 supposed
1521 3042 1768 3098 creditor
1804 3043 1901 3097 the
1938 3051 2173 3097 amount
2203 3042 2271 3097 of
2285 3059 2322 3097 a
2344 3034 2729 3097 non-existent

420 3122 573 3192 debt,
621 3125 720 3180 the
759 3124 960 3194 legacy
998 3123 1048 3179 is
1095 3124 1230 3179 void
1274 3125 1323 3179 if
1358 3125 1458 3181 the
1498 3126 1637 3181 debt
1681 3125 1730 3180 is
1774 3124 1981 3195 simply
2022 3125 2271 3181 referred
2313 3134 2391 3193 to,
2429 3126 2531 3181 but
2572 3124 2620 3179 if
2654 3124 2729 3180 its

419 3217 652 3263 amount
697 3208 744 3263 is
787 3209 998 3279 clearly
1039 3208 1311 3279 specified
1353 3208 1397 3265 it
1437 3226 1546 3264 can
1587 3210 1663 3265 be
1706 3208 1968 3279 claimed,
2014 3208 2093 3264 ‘si
2138 3209 2339 3263 decem
2384 3225 2531 3280 quae
2576 3208 2728 3264 Titio

422 3290 605 3347 debeo
646 3292 909 3361 legavero
946 3308 1054 3348 nec
1097 3292 1404 3364 quicquam
1446 3292 1709 3363 debeam,
1752 3293 1898 3348 falsa
1941 3292 2356 3349 demonstratio
2400 3292 2453 3362 (§
2502 3307 2573 3360 30
2606 3292 2727 3361 inf.)

417 3390 533 3429 non
580 3374 805 3445 perimit
848 3377 1127 3447 legatum’
1176 3376 1309 3447 Dig.
1345 3391 1432 3447 30.
1460 3389 1543 3447 75.
1578 3392 1624 3446 1,
1662 3377 1731 3432 cf.
1761 3375 1892 3447 Dig.
1923 3391 2005 3445 31.
2034 3378 2122 3432 88.
2156 3392 2235 3445 ιο,
2285 3377 2401 3431 and
2448 3378 2547 3431 the
2595 3386 2728 3431 next

417 3457 635 3513 section
660 3459 726 3513 of
753 3460 866 3515 this
891 3459 1056 3516 Title.
1131 3460 1257 3515 The
1293 3460 1550 3516 doctrine
1586 3459 1654 3515 of
1672 3460 1951 3531 Papinian
1985 3462 2122 3516 here
2158 3461 2348 3516 stated
2386 3458 2434 3514 is
2471 3469 2570 3515 not
2606 3458 2729 3515 uni-

418 3542 658 3611 versally
681 3542 1015 3613 recognised
1052 3542 1112 3598 in
1148 3545 1247 3598 the
1286 3544 1506 3614 Corpus
1537 3543 1706 3612 iuris3
1741 3542 1784 3598 it
1822 3542 1871 3599 is
1908 3543 2221 3599 confirmed
2256 3544 2334 3614 by
2367 3542 2499 3613 Dig.
2530 3556 2615 3613 50.
2646 3555 2727 3614 17,

417 3625 502 3695 85.
536 3640 579 3694 1,
614 3626 716 3680 but
753 3625 802 3680 is
845 3627 1253 3698 contradicted,
1291 3626 1350 3681 in
1387 3626 1460 3683 its
1500 3628 1732 3698 general
1767 3627 1931 3696 form,
1969 3626 2027 3681 in
2068 3626 2198 3697 Dig.
2229 3640 2316 3695 34.
2342 3628 2393 3681 8.
2421 3641 2471 3696 3.
2500 3642 2532 3681 2
2559 3627 2729 3682 ‘nam

417 3723 564 3778 quae
593 3707 652 3762 in
687 3725 818 3763 eam
849 3725 1080 3764 causam
1116 3721 1493 3781 pervenerunt
1530 3727 1567 3765 a
1591 3726 1707 3781 qua
1743 3708 1994 3780 incipere
2025 3726 2141 3764 non
2175 3719 2438 3780 poterant
2473 3727 2576 3780 pro
2613 3726 2728 3765 non

417 3790 642 3861 scriptis
683 3791 996 3862 habentur‚'
1035 3793 1152 3847 and
1194 3792 1254 3847 in
1297 3793 1370 3849 its
1413 3793 1720 3864 particular
1756 3792 2105 3864 application
2154 3792 2213 3848 in
2260 3792 2390 3863 Dig.
2420 3807 2504 3862 31.
2533 3794 2619 3850 82.
2645 3810 2729 3863 pr.

417 3873 674 3942 (Paulus)
727 3874 1066 3931 ‘dicendum
1114 3876 1218 3931 erit
1275 3875 1473 3932 inutile
1521 3876 1669 3933 effici
1718 3877 1987 3947 legatum,
2029 3893 2355 3947 quanquam
2414 3875 2729 3932 constiterit

417 3958 493 4012 ab
528 3956 723 4013 initio!
793 3960 909 4013 For
943 3959 1040 4015 the
1075 3958 1357 4015 technical
1392 3960 1664 4030 meaning
1696 3959 1762 4014 of
1786 3958 1909 4016 dies
1945 3958 2099 4015 venit
2136 3958 2196 4014 in
2233 3958 2570 4015 connection
2596 3959 2730 4015 with

419 4040 762 4111 obligations
789 4059 885 4096 see
911 4058 986 4097 on
1015 4040 1044 4113 ξ
1074 4057 1146 4096 2ο
1169 4042 1264 4097 inf.

491 4124 520 4197 ξ
547 4129 638 4180 15.
675 4128 802 4181 The
839 4127 1190 4197 advantages
1228 4127 1294 4181 of
1321 4127 1421 4182 the
1457 4126 1649 4183 action
1686 4143 1763 4181 on
1798 4128 1899 4183 the
1936 4127 2138 4197 legacy
2160 4143 2297 4182 over
2331 4127 2431 4182 the
2467 4126 2619 4182 actio
2656 4127 2730 4183 de

416 4208 552 4265 dote
577 4227 723 4265 were
747 4212 871 4265 that
895 4211 992 4266 the
1018 4209 1142 4265 heir
1165 4210 1333 4265 could
1361 4219 1462 4265 not
1488 4211 1659 4266 claim
1684 4211 1783 4266 the
1807 4219 2090 4279 statutory
2114 4209 2351 4266 interval
2378 4208 2444 4263 of
2458 4226 2569 4266 one
2593 4227 2731 4280 year

414 4291 608 4348 before
639 4291 979 4363 restitution,
1003 4292 1187 4347 which
1213 4310 1328 4347 was
1360 4293 1599 4348 allowed
1638 4292 1695 4348 in
1734 4291 2001 4361 ordinary
2026 4309 2189 4348 cases
2218 4292 2421 4362 (which
2453 4293 2731 4363 probably

415 4373 466 4429 is
505 4376 605 4430 the
637 4374 999 4447 explanation
1034 4376 1099 4430 of
1128 4376 1144 4405 ‘
1159 4377 1518 4446 praelegare‚’
1553 4393 1621 4431 so
1664 4392 1931 4432 common
1967 4374 2026 4431 in
2062 4375 2176 4431 this
2212 4375 2358 4430 form
2392 4374 2459 4431 of
2486 4374 2727 4443 legacy),

417 4456 552 4528 Dig.
579 4472 662 4527 33.
689 4473 742 4526 4.
775 4474 820 4515 1.
846 4474 898 4527 2,
923 4459 1040 4515 and
1075 4460 1199 4514 that
1237 4458 1452 4515 certain
1486 4460 1717 4516 sets-off
1742 4477 1887 4517 were
1925 4458 2203 4517 excluded
2233 4458 2418 4514 which
2453 4456 2622 4513 could
2653 4457 2728 4512 be

415 4541 660 4610 pleaded
685 4541 745 4597 in
769 4544 868 4599 the
893 4541 1100 4613 action,
1130 4542 1262 4614 Dig.
1289 4558 1376 4613 31.
1403 4543 1488 4599 82.
1513 4560 1598 4614 pr.
