3230 5116
575 358 704 446 360
982 362 1681 421 INSTJTUTIONUM
1713 362 1955 419 LIBRI
1989 361 2156 437 QUA
2170 361 2460 438 TTUOR.
2634 362 2765 429 [Lib.
2786 368 2883 418 111.

575 550 698 595 suo
727 531 971 596 herede
999 531 1245 597 relicto,
1321 530 1544 613 itaque
1584 529 1903 594 intestato
1942 546 2207 611 quoque
2244 536 2507 593 mortuo
2534 526 2791 607 liberto,
2822 528 2881 591 si

574 635 630 699 is
674 656 868 700 suum
913 635 1226 700 heredem
1273 635 1659 718 reliquisset,
1704 631 1865 697 nihil
1910 633 1978 696 in
2023 633 2217 697 bonis
2263 634 2403 697 eius
2445 642 2729 715 patrono
2774 632 2883 695 ius

575 747 731 803 erat.
829 748 898 805 et
957 740 1010 804 si
1069 739 1342 822 quidem
1402 757 1492 801 ex
1557 736 1968 801 naturalibus
2038 735 2261 801 liberis
2329 735 2619 819 aliquem
2678 754 2877 800 suum

571 842 884 907 heredem
917 843 1302 929 reliquisset,
1327 840 1508 906 nulla
1524 841 1873 905 videbatur
1894 839 2223 923 querella:
2266 841 2321 904 si
2342 860 2501 904 vero
2520 840 2883 921 adoptivus

572 945 746 1010 filius
785 956 977 1024 esset,
1015 955 1242 1030 aperte
1281 946 1578 1028 iniquum
1623 954 1763 1009 erat
1808 943 1971 1008 nihil
2012 944 2167 1007 iuris
2202 952 2482 1026 patrono
2512 962 2876 1025 superoese.

518 1053 546 1109 1
577 1048 730 1133 Qua
781 1050 866 1113 de
925 1070 1124 1113 causa
1179 1059 1415 1133 postea
1465 1047 1789 1131 praetoris
1848 1048 2068 1111 edicto
2126 1048 2292 1111 haec
2350 1046 2507 1109 iuris
2562 1045 2879 1128 iniquitas

574 1156 928 1219 emendata
959 1164 1079 1220 est.
1153 1154 1290 1218 sive
1321 1155 1499 1217 enim
1528 1152 1813 1217 faciebat
1848 1160 2327 1217 testamentum
2366 1151 2658 1227 libertus,
2688 1150 2879 1215 iube·

571 1258 770 1321 batur
799 1258 893 1322 ita
915 1257 1160 1336 testari,
1185 1267 1260 1322 ut
1290 1266 1571 1340 patrono
1594 1266 1851 1339 partem
1877 1256 2221 1320 dimidiam
2246 1255 2571 1319 bonorum
2603 1274 2875 1318 suorum

574 1360 1001 1444 relinqueret:
1045 1370 1114 1424 et
1136 1361 1189 1425 si
1214 1370 1332 1425 aut
1363 1357 1522 1423 nihil
1546 1368 1663 1423 aut
1694 1360 1911 1423 minus
1932 1360 2138 1441 partis
2160 1359 2475 1423 dimidiae
2498 1357 2876 1440 reliquerat,

573 1464 859 1528 dabatur
884 1475 1168 1548 patrono
1197 1473 1429 1529 contra
1455 1462 1719 1528 tabulas
1750 1464 2132 1528 testamenti
2168 1464 2373 1547 partis
2403 1463 2721 1527 dimidiae
2750 1463 2875 1527 bo-

572 1586 808 1631 norum
855 1568 1205 1651 possessio.
1293 1566 1348 1631 si
1395 1586 1553 1631 vero
1605 1567 1959 1631 intestatus
2012 1568 2415 1632 moriebatur
2460 1588 2579 1631 suo
2624 1566 2873 1630 herede

571 1669 800 1735 relicto
859 1671 998 1735 filio
1056 1672 1392 1755 adoptive,
1453 1671 1739 1735 dabatur
1795 1692 2009 1754 aeque
2066 1682 2351 1754 patrono
2408 1680 2639 1735 contra
2694 1670 2873 1738 hunc

572 1796 762 1841 suum
801 1776 1115 1840 heredem
1159 1776 1366 1859 partis
1409 1776 1727 1840 dimidiae
1768 1775 2095 1840 bonorum
2132 1775 2477 1857 possessio,
2552 1776 2873 1858 prodesse

571 1890 798 1944 autem
843 1880 1079 1945 liberto
1123 1879 1428 1945 solebant
1474 1880 1560 1945 ad
1607 1878 2100 1945 excludendum
2140 1888 2495 1963 patronum
2538 1878 2873 1944 naturales

570 1983 779 2061 liberi,
809 2004 944 2049 non
987 1985 1202 2049 solum
1234 2005 1402 2068 quos
1445 1984 1514 2047 in
1559 1993 1895 2067 potestate
1940 1983 2169 2047 mortis
2210 1991 2511 2066 tempore
2556 1982 2867 2060 habebat,

572 2088 688 2152 sed
720 2088 920 2151 etiarn
952 2090 1347 2172 emancipati
1371 2097 1439 2152 et
1469 2088 1537 2151 in
1566 2088 1996 2171 adoptionem
2027 2087 2185 2164 dati,
2210 2087 2265 2151 si
2296 2086 2499 2151 modo
2529 2107 2617 2150 ex
2649 2085 2871 2170 aliqua

569 2201 760 2272 parte
803 2192 1078 2256 heredes
1122 2192 1346 2275 scripti
1392 2200 1580 2255 erant
1617 2202 1735 2256 aut
1776 2191 2113 2275 praeteriti
2158 2200 2389 2255 contra
2434 2190 2699 2256 tabulas
2748 2192 2871 2255 bo·

573 2312 806 2356 norum
867 2294 1348 2377 possessionem
1410 2316 1500 2358 ex
1559 2296 1779 2359 edicto
1838 2296 2204 2378 petierant:
2270 2312 2426 2358 nam
2480 2294 2871 2359 exheredati

510 2406 545 2460 2
574 2394 756 2473 nullo
783 2398 985 2461 modo
1017 2397 1424 2479 repellebant
1453 2407 1830 2481 patronum.
1900 2399 2143 2462 Postea
2172 2397 2321 2481 lege
2353 2398 2556 2481 Papia
2583 2399 2870 2463 adaucta

533 2506 724 2598 ‘sunt
777 2499 917 2563 iura
973 2510 1426 2584 patronorum,
1486 2502 1598 2586 qui
1658 2501 2119 2585 locupletiores
2177 2502 2449 2568 libertos
2507 2502 2867 2570 habebant.

570 2613 838 2668 cautum
883 2616 984 2669 est
1029 2606 1222 2680 enim,
1266 2615 1339 2670 ut
1383 2627 1472 2670 ex
1515 2606 1710 2671 bonis
1757 2606 1913 2682 eiuS,
1954 2607 2067 2690 qui
2104 2609 2555 2672 sestertiorum
2598 2618 2868 2672 centum

571 2707 847 2771 millium
880 2709 1350 2792 patrimonium
1382 2710 1714 2794 reliquerit
1753 2720 1820 2774 et
1855 2711 2195 2794 pauciores
2224 2731 2426 2794 quam
2458 2721 2590 2777 tres
2626 2711 2869 2776 liberos

567 2811 877 2888 habebat,
916 2815 1052 2878 sive
1093 2814 1146 2877 is
1189 2823 1590 2880 testamento
1630 2814 1807 2879 facto
1848 2816 1985 2878 sive
2026 2817 2342 2880 intestato
2380 2827 2676 2881 mortuus
2706 2827 2868 2896 erat,

567 2916 772 2982 virilis
831 2938 984 3000 pars
1041 2928 1325 3000 patrono
1384 2919 1771 2983 debebatur.
1888 2920 2113 3000 itaque
2178 2940 2328 2983 cum
2390 2939 2593 2982 unum
2654 2920 2867 2984 filium

569 3019 857 3085 filiamve
914 3021 1232 3086 heredem
1291 3022 1627 3104 reliquerit
1696 3021 1990 3100 libertuS,
2046 3023 2323 3105 perinde
2382 3043 2533 3105 pars
2592 3023 2870 3088 dimidia

569 3133 848 3206 patrono
884 3125 1274 3201 debebatur,
1309 3145 1388 3189 ac
1433 3126 1487 3187 si
1533 3125 1588 3188 is
1636 3125 1779 3189 sine
1824 3124 1959 3188 ullo
2000 3124 2137 3189 filio
2181 3125 2396 3189 filiave
2438 3126 2866 3192 decessisset:

567 3248 721 3292 cum
768 3230 936 3291 duos
987 3229 1237 3292 duasve
1295 3227 1572 3292 heredes
1625 3227 1996 3309 reliquerat,
2045 3229 2241 3291 tertia
2286 3249 2439 3310 pars
2498 3228 2871 3293 debebatur

508 3343 542 3397 3
567 3340 886 3413 patrono:
936 3331 991 3393 si
1023 3341 1157 3394 tres
1189 3330 1558 3413 reliquerat,
1591 3329 2034 3412 repellebatur
2054 3338 2387 3411 patronus
2473 3331 2608 3395 Sed
2642 3342 2869 3398 nostra

567 3433 968 3508 constitutio,
1020 3451 1223 3515 quam
1269 3452 1392 3514 pro
1439 3431 1736 3494 omnium
1787 3433 2055 3494 notione
2104 3430 2358 3494 Graeca
2410 3430 2634 3512 lingua
2686 3456 2868 3500 com-

565 3536 888 3619 pendioso
931 3543 1214 3599 tractatu
1260 3534 1490 3599 habito
1537 3534 2046 3615 composuimuS,
2076 3534 2169 3597 ita
2208 3533 2585 3598 huiusmodi
2630 3557 2867 3604 causas

568 3637 881 3715 definivit,
912 3648 987 3701 ut
1029 3638 1084 3700 si
1124 3637 1392 3720 quidem
1431 3636 1705 3700 libertus
1732 3637 1839 3700 vel
1880 3637 2116 3701 liberta
2153 3637 2435 3701 minores
2476 3644 2867 3706 centenariis

571 3742 720 3817 sint,
747 3740 814 3804 id
847 3748 949 3804 est
981 3740 1195 3803 minus
1227 3747 1494 3803 centum
1517 3739 1732 3803 aureis
1760 3739 2054 3804 habeant
2080 3741 2520 3806 substantiam
2544 3741 2664 3829 (sic
2687 3747 2863 3810 enim

565 3845 731 3928 legis
778 3845 1022 3926 Papiae
1065 3863 1393 3907 summam
1448 3844 1855 3928 interpretati
1908 3863 2154 3920 sumus,
2204 3854 2279 3910 ut
2329 3867 2451 3929 pro
2503 3850 2683 3913 mille
2728 3872 2865 3914 ses-

567 3950 780 4013 tertiis
803 3967 970 4011 unus
999 3967 1235 4011 aureus
1259 3945 1725 4035 computetur),
1748 3948 2001 4012 nullum
2025 3949 2242 4014 locum
2273 3949 2519 4016 habeat
2548 3965 2863 4035 patronus

634 4221 756 4274 ¹1¹1t.
780 4221 929 4273 VH.
959 4216 988 4289 ξ
1015 4221 1070 4273 2.
1111 4219 1158 4273 1³·
1162 4236 1226 4273 or
1261 4219 1359 4274 the
1395 4219 1655 4298 effectoof
1680 4220 1778 4275 the
1810 4219 1899 4276 lex
1932 4219 2110 4290 Papia
2136 4221 2406 4292 Poppaea
2440 4239 2515 4276 on
2553 4222 2649 4277 the
2684 4221 2865 4293 rights

566 4303 632 4357 os
647 4315 922 4372 patronae
941 4303 1056 4357 and
1079 4301 1226 4357 filiae
1250 4302 1472 4372 patroni
1502 4319 1597 4357 see
1626 4305 1734 4358 Mr.
1758 4304 1973 4358 Poste’s
1998 4313 2132 4360 note
2158 4321 2231 4358 on
2254 4303 2431 4359 Gaius
2456 4304 2531 4360 iii.
2562 4317 2641 4374 54.
2702 4308 2865 4364 Pr.-2

563 4385 630 4440 of
645 4384 758 4442 this
784 4385 932 4441 Title
955 4385 1298 4456 correspond
1323 4384 1456 4440 with
1484 4385 1661 4440 Gaius
1686 4383 1761 4439 iii.
1789 4400 1978 4454 39-42.

637 4467 667 4540 ξ
705 4473 758 4524 8.
814 4471 936 4526 The
973 4468 1337 4526 constitution
1375 4469 1621 4524 referred
1658 4477 1735 4537 to,
1767 4469 1951 4524 which
1988 4468 2035 4525 is
2072 4468 2130 4526 in
2166 4469 2308 4526 Cod.
2333 4470 2389 4526 6.
2416 4485 2468 4537 4.
2492 4485 2543 4540 4,
2570 4469 2867 4530 abolished
