3230 5116
583 417 712 487 272
989 411 1695 468 INSTITUTIONUM
1730 411 1965 467 LIBRI
2008 411 2479 484 QUATTUOR.
2672 414 2802 480 [Lib.
2822 421 2888 471 11.

579 585 696 642 aut
738 578 1030 643 secundo
1059 578 1166 643 vel
1204 577 1406 642 etiam
1447 577 1756 642 ulteriore
1789 579 1999 660 gradu
2044 575 2359 642 heredem
2396 577 2757 656 instituere,
2796 587 2885 658 ut,

581 682 636 748 si
682 683 1116 747 creditoribus
1159 684 1320 746 satis
1365 704 1499 746 non
1545 682 1681 761 fiat,
1717 683 1937 767 potius
1982 682 2123 745 eius
2166 681 2427 748 heredis
2468 684 2645 747 bona
2682 703 2885 768 quam

578 785 781 870 ipsius
803 787 1140 852 testatoris
1169 808 1210 850 a
1240 787 1674 852 creditoribus
1698 787 2163 870 possideantur
2176 786 2281 851 vel
2313 787 2764 852 distrahantur
2778 787 2885 853 vel

575 889 749 955 inter
778 913 890 957 eos
921 891 1316 956 dividantur.
1383 913 1503 976 pro
1535 892 1661 956 hoc
1702 901 1928 956 tamen
1966 891 2388 956 incommodo
2418 890 2579 955 illud
2612 892 2673 955 ei
2704 912 2884 956 com-

577 997 853 1060 modum
894 1006 1282 1081 praestatur,
1319 1006 1394 1061 ut
1440 1016 1536 1072 ea,
1569 1017 1741 1079 quae
1784 1005 1939 1080 post
1980 1005 2261 1060 mortem
2306 996 2567 1080 patroni
2614 996 2713 1062 sui
2758 996 2883 1062 sibi

572 1100 976 1184 adquisierit,
1021 1101 1146 1185 ipsi
1189 1110 1637 1166 reserventur:
1700 1108 1767 1164 et
1810 1100 2114 1183 quamvis
2162 1119 2293 1163 non
2335 1099 2664 1165 sufficiant
2707 1101 2884 1164 bona

573 1205 868 1270 defuncti
914 1205 1367 1282 creditoribus,
1407 1205 1647 1269 iterum
1702 1225 1791 1268 ex
1842 1223 1920 1267 ea
1966 1223 2163 1268 causa
2210 1224 2313 1268 res
2361 1204 2518 1280 eius,
2548 1225 2713 1287 quas
2757 1203 2881 1270 sibi

515 1309 549 1363 2
573 1310 975 1393 adquisierit,
1026 1330 1159 1373 non
1205 1319 1516 1373 veneunt.
1626 1307 1745 1374 Sui
1798 1317 2025 1373 autem
2084 1318 2153 1373 et
2205 1311 2551 1375 necessarii
2604 1309 2880 1375 heredes

573 1421 728 1477 sunt
774 1413 979 1478 veluti
1027 1413 1200 1478 filius
1253 1413 1388 1477 filia
1439 1433 1649 1496 nepos
1702 1414 2051 1496 neptisque
2104 1433 2192 1476 ex
2252 1412 2387 1476 filio
2448 1423 2516 1476 et
2567 1414 2878 1498 deinceps

571 1518 772 1582 ceteri
823 1517 1026 1595 liberi,
1073 1517 1186 1600 qui
1219 1518 1422 1581 modo
1469 1518 1535 1580 in
1587 1526 1921 1601 potestate
1966 1517 2304 1582 morientis
2349 1516 2606 1594 fuerint,
2642 1519 2759 1582 sed
2804 1527 2880 1584 ut

571 1641 779 1704 nepos
833 1622 1130 1706 neptisve
1181 1622 1280 1685 sui
1332 1621 1610 1687 heredes
1657 1623 1807 1698 sint,
1860 1642 1989 1685 non
2042 1621 2279 1686 sufficit
2331 1642 2483 1685 eum
2534 1642 2765 1687 eamve
2810 1623 2877 1686 in

569 1734 905 1808 potestate
935 1727 1038 1790 avi
1071 1727 1301 1792 mortis
1329 1734 1632 1810 tempore
1660 1726 1877 1804 fuisse,
1907 1727 2024 1791 sed
2056 1748 2222 1810 opus
2264 1735 2381 1802 est,
2416 1735 2489 1790 ut
2519 1736 2711 1810 pater
2738 1728 2875 1794 eius

569 1829 718 1893 vivo
747 1839 935 1913 patre
974 1852 1094 1894 suo
1134 1830 1402 1896 desierit
1443 1853 1599 1896 suus
1641 1830 1830 1895 heres
1871 1851 2017 1895 esse
2055 1840 2170 1895 aut
2217 1840 2431 1895 morte
2475 1831 2876 1915 interceptus

569 1942 686 1997 aut
715 1934 1012 2020 qualibet
1043 1935 1174 1999 alia
1204 1936 1458 2000 ratione
1497 1936 1813 1999 liberatus
1843 1942 2178 2017 potestate
2204 1959 2219 1998 ε
2262 1944 2421 1999 tunc
2458 1935 2635 1998 enim
2668 1956 2875 2019 nepos

570 2040 870 2120 neptisve
901 2040 966 2104 in
1001 2039 1218 2105 locum
1251 2040 1456 2123 patris
1487 2039 1587 2106 sui
1619 2040 1935 2103 succedit.
2016 2039 2133 2103 sed
2171 2039 2269 2102 sui
2300 2039 2568 2122 quidem
2600 2037 2875 2105 heredes

567 2141 721 2206 ideo
761 2144 1193 2228 appellantur,
1241 2145 1397 2227 quia
1437 2143 1784 2209 domestici
1819 2141 2101 2207 heredes
2146 2152 2301 2208 sunt
2338 2152 2405 2207 et
2434 2143 2583 2207 vivo
2614 2164 2874 2227 quoque

565 2255 756 2329 patre
795 2249 1294 2331 quodammodo
1334 2249 1586 2313 domini
1626 2247 2107 2312 existimantur.
2172 2247 2350 2312 unde
2390 2248 2608 2322 etiam,
2642 2247 2694 2312 si
2726 2248 2873 2331 quis

567 2459 872 2515 necessarii
899 2460 1156 2530 heredes,
1184 2461 1473 2532 including
1497 2463 1620 2516 also
1646 2478 1681 2517 a
1704 2461 1822 2516 free
1846 2478 2054 2532 person
2077 2461 2136 2516 in
2162 2461 2448 2532 mancipio
2480 2470 2541 2516 to
2565 2461 2702 2530 him,
2734 2462 2870 2531 wh0,

571 2542 844 2613 however,
871 2563 985 2600 was
1021 2545 1273 2615 entitled,
1300 2545 1411 2602 like
1447 2545 1552 2615 sui,
1577 2555 1639 2601 to
1664 2546 1762 2601 the
1794 2545 2134 2602 beneficium
2169 2545 2509 2615 abstinendi,
2534 2545 2783 2601 referred
2812 2555 2870 2601 to

568 2625 626 2681 in
655 2625 682 2698 §
713 2644 744 2683 2
771 2628 870 2685 ins.
910 2628 1114 2701 (Gaius
1152 2630 1209 2684 ii.
1254 2628 1395 2697 160).
1469 2630 1551 2685 As
1594 2647 1837 2701 appears
1884 2630 2029 2684 from
2079 2630 2191 2686 Tit.
2224 2642 2301 2699 15.
2340 2647 2418 2701 pr.
2446 2647 2616 2700 supr„
2665 2630 2707 2685 it
2757 2646 2870 2685 was

565 2713 731 2768 usual
755 2713 842 2768 for
877 2722 1160 2782 testatorS,
1187 2713 1236 2768 if
1251 2714 1388 2784 they
1411 2714 1528 2769 had
1563 2714 1662 2769 the
1699 2714 1842 2769 least
1878 2730 2083 2769 reason
2108 2723 2168 2770 to
2202 2723 2429 2783 suspect
2453 2712 2870 2768 their‘circum-

565 2805 792 2852 stances
818 2808 877 2851 to
913 2797 986 2852 be
1021 2798 1430 2865 embarrassed,
1457 2808 1517 2853 to
1551 2796 1785 2869 appoint
1820 2814 1929 2851 one
1963 2814 2026 2851 or
2058 2814 2216 2852 more
2250 2797 2316 2851 of
2343 2796 2491 2852 their
2526 2814 2651 2851 own
2684 2796 2871 2852 slaves

563 2896 629 2934 as
656 2881 790 2936 final
828 2879 1132 2950 substituti,
1158 2880 1421 2952 whereby
1445 2882 1578 2951 they
1603 2898 1749 2936 were
1783 2880 1958 2935 saved
1995 2882 2139 2935 from
2172 2880 2451 2950 intestacy
2484 2880 2600 2935 and
2636 2881 2867 2951 posthu-

563 2968 727 3019 mous
765 2964 1128 3035 insolvency:
1167 2965 1282 3019 and
1319 2965 1396 3034 by
1421 2964 1518 3019 the
1555 2966 1647 3019 lex
1679 2964 1845 3020 Aelia
1872 2964 2069 3020 Sentia
2105 2964 2204 3020 the
2238 2974 2647 3033 testamentary
2671 2980 2867 3018 manu-

563 3048 800 3104 mission
828 3049 944 3104 and
982 3048 1298 3105 institution
1336 3048 1454 3103 osa
1485 3050 1639 3103 slave
1665 3066 1781 3104 was
1818 3047 2054 3103 allowed
2079 3048 2165 3102 for
2196 3048 2310 3103 this
2348 3064 2592 3119 purpose
2629 3064 2771 3102 even
2808 3047 2865 3101 in

559 3131 819 3189 fraudem
857 3132 1216 3201 creditorum,
1257 3132 1434 3188 Gaius
1461 3132 1496 3187 i.
1524 3147 1609 3199 21,
1650 3132 1793 3187 Cod.
1819 3131 1867 3186 6.
1898 3144 1979 3199 27.
2010 3146 2056 3186 2.
2134 3132 2337 3187 Under
2377 3132 2476 3186 the
2510 3130 2868 3200 bankruptcy

562 3227 778 3283 system
821 3217 1006 3272 called
1047 3214 1301 3272 venditio
1349 3217 1630 3270 bonorum
1676 3216 1914 3285 (Poste's
1954 3215 2131 3270 Gaius
2158 3232 2214 3285 p.
2241 3229 2346 3283 340
2386 3214 2503 3269 and
2538 3212 2724 3282 notes)
2768 3214 2866 3269 the

560 3298 844 3370 bankrupt
888 3301 1005 3355 had
1045 3300 1281 3356 become
1318 3299 1564 3368 infamiS,
1593 3300 1696 3353 but
1740 3298 1796 3355 in
1834 3298 2163 3369 Justinian's
2200 3298 2337 3352 time
2373 3299 2508 3366 only
2545 3295 2866 3352 fraudulent

560 3382 916 3453 bankruptcy
941 3383 1214 3453 operated
1249 3384 1398 3438 thuS.
1471 3384 1597 3438 The
1636 3383 1753 3437 first
1792 3392 1951 3453 stage
1986 3382 2043 3436 in
2082 3383 2222 3437 such
2256 3382 2629 3453 proceedings
2655 3397 2769 3436 was
2802 3390 2865 3437 ιο

561 3465 756 3519 obtain
783 3484 818 3521 a
843 3466 1046 3521 decree
1081 3467 1228 3520 from
1265 3467 1361 3520 the
1398 3477 1627 3537 praetor
1663 3466 1728 3520 of
1756 3466 1953 3521 missio
1990 3466 2048 3520 in
2086 3464 2507 3536 possessionem
2540 3464 2862 3534 (bonorum)

559 3546 639 3602 rei
667 3548 981 3603 servandae
1014 3566 1223 3603 causa:
1262 3548 1576 3617 ultimately
1600 3550 1699 3604 the
1735 3560 2003 3620 property
2027 3567 2142 3604 was
2174 3548 2299 3604 sold
2333 3548 2390 3603 in
2425 3547 2534 3603 lots
2563 3548 2863 3618 (bonorum

560 3630 870 3700 distracti0,
903 3633 1135 3687 whence
1175 3632 1558 3687 distrahantur
1601 3632 1659 3686 in
1703 3634 1801 3687 the
1844 3634 1983 3703 text)
2028 3632 2144 3687 and
2178 3632 2277 3687 the
2315 3632 2591 3703 proceeds
2632 3630 2863 3687 divided

559 3730 770 3784 among
805 3716 903 3770 the
939 3714 1212 3770 creditors
1251 3714 1557 3784 according
1593 3726 1653 3770 to
1688 3715 1838 3771 their
1870 3716 2085 3786 proved
2125 3714 2357 3782 claims;
2394 3732 2493 3770 see
2532 3731 2608 3769 on
2653 3714 2754 3770 Bk.
2784 3714 2860 3770 iii.

565 3813 627 3852 12
654 3797 750 3853 inf.

628 3881 753 3936 The
789 3879 1058 3951 privilege
1095 3880 1276 3935 which
1315 3898 1350 3935 a
1385 3880 1739 3936 necessarius
1778 3882 1943 3937 heres
1982 3881 2225 3953 enjoyed
2263 3880 2329 3935 os
2354 3881 2528 3951 being
2563 3880 2734 3937 liable
2776 3881 2864 3938 for

558 3966 655 4020 the
681 3966 960 4020 testator's
998 3964 1165 4019 debts
1205 3965 1336 4033 only
1361 3981 1427 4018 so
1463 3964 1549 4019 far
1584 3982 1649 4019 as
1685 3965 1784 4019 the
1822 3975 2003 4020 estate
2028 3974 2192 4033 went,
2219 3964 2267 4018 is
2305 3966 2490 4020 called
2520 3964 2859 4019 beneficium

559 4048 948 4118 separationiS,
995 4048 1166 4103 ‘item
1217 4048 1511 4103 sciendum
1561 4058 1648 4103 est
1697 4048 2081 4104 necessarium
2130 4048 2400 4104 heredem
2456 4066 2681 4103 servum
2731 4065 2859 4103 cum

556 4130 815 4185 libertate
864 4130 1182 4187 institutum
1226 4130 1528 4201 impetrare
1575 4147 1747 4201 posse
1796 4131 2231 4202 separationem,
2277 4131 2494 4186 scilicet
2538 4142 2614 4200 ut,
2656 4131 2703 4185 si
2744 4148 2859 4186 non

555 4212 802 4283 attigerit
840 4213 993 4268 bona
1029 4214 1269 4283 patroni,
1297 4214 1354 4269 in
1380 4231 1449 4269 ea
1486 4231 1661 4269 causa
1684 4215 1775 4285 sit,
1801 4225 1860 4270 ut
1899 4215 1951 4270 ei
1986 4215 2256 4287 quicquid
2291 4225 2493 4286 postea
2528 4213 2859 4285 adquisierit

555 4306 862 4366 separetur,
889 4296 990 4351 sed
1027 4305 1085 4351 et
1121 4297 1167 4350 si
1200 4296 1336 4367 quid
1371 4296 1421 4352 ei
1453 4315 1489 4352 a
1521 4307 1794 4353 testatore
1831 4299 2097 4354 debetur’
2124 4298 2256 4367 Dig.
2288 4316 2334 4351 2.
2362 4298 2413 4353 6.
2448 4313 2490 4351 1.
2526 4299 2604 4353 18.
2680 4298 2859 4352 Gaius

543 4379 634 4449 '(ii.
670 4378 790 4449 155)
818 4396 948 4448 says
975 4380 1096 4434 that
1123 4380 1195 4435 he
1221 4398 1336 4436 was
1360 4390 1460 4435 not
1486 4381 1725 4437 entitled
1749 4392 1807 4437 to
1832 4382 1979 4453 keep
2002 4383 2090 4437 for
2122 4382 2357 4437 himself
2372 4381 2649 4452 anything
2673 4380 2856 4436 which

554 4462 638 4518 ‘ei
664 4480 732 4517 ex
757 4463 1098 4518 hereditaria
1123 4480 1296 4518 causa
1318 4464 1485 4520 suerit
1509 4465 1893 4537 adquisitum!

627 4546 741 4614 §a
799 4545 959 4602 With
1007 4546 1102 4603 the
1152 4545 1496 4619 description
1540 4550 1606 4604 of
1641 4549 1725 4604 sui
1769 4566 1833 4605 as
1872 4548 2168 4605 domestici
2211 4548 2451 4607 heredes
2489 4548 2558 4605 cf.
2600 4548 2851 4616 PlautuS,
