3230 5116
556 324 687 411 536
963 328 1662 386 INSTITUTIONUM
1698 326 1938 382 LIBRI
1977 326 2142 398 QUA
2156 327 2445 383 TTUOR.
2642 327 2798 392 [Lib.
2819 329 2926 378 tv.

468 514 533 566 14
562 497 674 562 Sic
706 498 927 579 itaque
967 495 1265 560 discretis
1308 495 1680 560 actionibus
1725 504 1978 559 certum
2021 502 2123 557 est
2167 513 2298 556 non
2341 513 2540 575 posse
2571 501 2922 556 actorem

560 621 699 664 rem
742 620 931 663 suam
972 601 1067 664 ita
1095 601 1182 663 ab
1213 598 1436 682 aliquo
1476 608 1704 682 petere
1735 602 1750 630 ‘
1773 599 1826 661 si
1863 608 2052 680 paret
2098 617 2248 660 eum
2286 597 2444 660 dare
2482 605 2832 679 oportere
2855 595 2878 622 '
2901 619 2922 655 ε

562 725 682 768 nec
713 706 885 767 enim
919 704 1097 787 quod
1131 705 1368 767 actoris
1405 713 1507 766 est
1547 703 1614 766 id
1648 704 1708 766 ei
1749 702 1890 766 dari
1935 709 2216 784 oportet,
2249 701 2403 783 quia
2443 699 2714 764 scilicet
2748 685 2922 762 dar}

562 809 867 890 cuiquam
915 807 983 870 id
1030 806 1447 888 intellegitur,
1495 808 1676 890 quod
1722 807 1815 869 ita
1862 806 2073 884 datur,
2115 815 2188 870 ut
2235 807 2374 868 eius
2418 804 2559 880 fiat,
2603 823 2742 868 nec
2793 825 2924 867 τω
3021 855 3031 862 ,

562 933 734 994 quae
766 912 898 974 iam
930 911 1171 974 actoris
1202 921 1301 975 est
1333 911 1543 993 magis
1566 910 1708 974 eius
1737 909 1876 972 fieri
1909 918 2151 991 potest.
2219 909 2416 991 plane
2444 909 2610 972 odio
2641 908 2918 982 furum,

564 1037 697 1098 quo
730 1016 941 1097 magIs
969 1014 1263 1097 pluribus
1292 1015 1660 1080 actionibus
1690 1023 2062 1091 teneantur,
2085 1012 2394 1076 effectum
2425 1022 2545 1090 est,
2569 1021 2650 1074 ut
2683 1023 2918 1074 extra

566 1139 852 1202 poenam
914 1117 1097 1200 dupli
1160 1129 1276 1183 aut
1335 1118 1685 1201 quadrupli
1740 1119 1830 1181 rei
1893 1117 2307 1199 recipiendae
2368 1116 2641 1178 nomine
2711 1115 2920 1178 fures

569 1223 772 1287 etiam
834 1222 959 1286 hac
1019 1225 1278 1286 actione
1330 1232 1682 1286 teneantur
1738 1221 1828 1284 ‘si
1881 1230 2070 1303 paret
2131 1240 2245 1282 eos
2307 1221 2465 1283 dare
2526 1215 2914 1301 oportere,'

570 1326 874 1408 quamvis
918 1327 1003 1389 sit
1047 1328 1361 1390 adversus
1407 1347 1522 1390 eos
1563 1327 1766 1390 etiam
1808 1324 1974 1388 haec
2003 1324 2070 1387 in
2112 1343 2249 1387 rem
2293 1323 2486 1401 actio,
2517 1343 2642 1405 per
2673 1343 2912 1406 quarn

478 1444 544 1498 15
574 1450 711 1494 rem
743 1451 929 1493 suam
962 1431 1109 1513 quis
1141 1451 1284 1494 esse
1314 1431 1503 1512 petit.
1594 1429 2040 1511 Appellamus
2069 1437 2294 1492 autem
2332 1429 2399 1490 in
2431 1447 2567 1490 rem
2603 1428 2910 1509 quidem

571 1535 863 1597 actiones
886 1533 1397 1597 vindicationes:
1444 1534 1509 1595 in
1541 1552 1892 1615 personam
1923 1551 2079 1594 vero
2113 1531 2423 1608 actiones,
2447 1531 2691 1614 quibus
2727 1531 2914 1593 dare

570 1639 785 1702 facere
825 1647 1131 1720 oportere
1171 1637 1550 1715 intenditur,
1603 1636 2069 1700 condictiones·
2155 1636 2502 1700 condicere
2549 1636 2743 1698 enirn
2793 1645 2910 1699 est

572 1742 959 1806 denuntiare
1004 1742 1217 1824 prisca
1259 1742 1516 1824 lingua:
1572 1760 1744 1803 nunc
1773 1760 1927 1803 vero
1973 1740 2241 1803 abusive
2286 1740 2565 1803 dicimus
2610 1739 2908 1802 condic-

573 1847 823 1910 tionem
856 1845 1181 1909 actionem
1216 1847 1280 1908 in
1312 1865 1665 1927 personam
1699 1864 1862 1920 esse,
1887 1864 2018 1926 qua
2054 1854 2239 1907 actor
2269 1844 2551 1907 intendit
2580 1843 2728 1906 dari
2765 1843 2902 1906 sibi

574 1961 913 2032 oportere:
962 1949 1141 2012 nulla
1173 1951 1347 2012 enim
1378 1948 1505 2013 hoc
1536 1957 1836 2029 tempore
1865 1966 1945 2010 eo
1976 1947 2244 2010 nomine
2274 1947 2692 2010 denuntiatio
2725 1946 2832 2009 fit.

482 2068 549 2122 16
668 2051 968 2135 Sequens
1014 2052 1126 2116 illa
1180 2051 1411 2117 divisio
1458 2061 1575 2126 est,
1629 2051 1810 2133 quod
1865 2049 2196 2132 quaedam
2241 2050 2534 2113 actiones
2581 2050 2674 2112 rei
2732 2070 2900 2132 per·

576 2157 951 2239 sequendae
1002 2155 1213 2238 gratia
1269 2165 1692 2237 comparatae
1740 2162 1910 2229 sunt,
1961 2154 2292 2236 quaedam
2351 2175 2605 2236 poenae
2659 2173 2896 2236 perse·

484 2276 549 2328 17
577 2260 897 2343 quendae‚
951 2259 1282 2341 quaedam
1346 2261 1597 2322 mixtae
1659 2270 1832 2322 sunt.
1937 2259 2061 2321 Rei
2124 2257 2621 2340 persequendae
2682 2276 2896 2321 causa

579 2371 1001 2444 comparatae
1025 2372 1179 2425 sunt
1209 2382 1439 2426 omnes
1471 2363 1536 2425 in
1562 2383 1700 2426 rem
1726 2363 2036 2426 actiones.
2100 2380 2324 2424 earum
2347 2382 2503 2425 vero
2526 2361 2893 2436 actionum,

583 2618 648 2671 of
676 2621 831 2675 them
872 2620 959 2675 ‘in
998 2638 1117 2676 rem
1154 2638 1282 2677 esse
1320 2620 1608 2675 videntur'
1633 2620 1877 2674 because
1915 2618 2012 2674 the
2050 2618 2302 2689 plaintiff
2324 2619 2340 2647 ‘
2357 2635 2487 2672 cum
2523 2635 2595 2672 eo
2630 2617 2748 2687 agit
2789 2618 2888 2689 qui

584 2703 737 2757 nullo
762 2703 881 2758 iure
906 2704 958 2759 ei
985 2705 1265 2775 obligatus
1285 2713 1388 2772 est,
1410 2713 1598 2757 movet
1618 2712 1810 2757 tamen
1831 2701 1996 2756 alicui
2019 2702 2092 2756 de
2111 2702 2301 2773 aliqua
2325 2720 2386 2758 re
2411 2702 2859 2757 controversiam
2875 2704 2890 2727 ’

587 2785 613 2856 ξ
650 2801 669 2840 1
703 2804 851 2857 supr.
878 2807 890 2843 :
930 2788 997 2843 cf.
1028 2789 1205 2843 Gaius
1233 2788 1301 2842 iv.
1331 2790 1397 2853 87
1422 2804 1437 2855 3
1476 2787 1691 2855 though
1717 2786 1774 2839 in
1801 2802 1960 2839 some
1984 2802 2258 2855 passages
2286 2786 2354 2856 (e.
2366 2802 2422 2855 g.
2444 2786 2578 2854 Dig.
2603 2800 2688 2851 44
2717 2799 2768 2851 7.
2797 2798 2888 2853 37.

584 2887 664 2940 pr.
696 2891 709 2936 ;
746 2872 796 2925 6.
826 2886 865 2925 1.
902 2888 944 2925 ι.
974 2871 1027 2939 2)
1054 2872 1191 2940 they
1215 2888 1311 2925 are
1336 2869 1591 2939 opposed
1619 2880 1678 2923 to
1693 2867 2130 2923 vindicationes-
2196 2870 2320 2924 The
2345 2868 2750 2939 praeiudicium
2776 2869 2793 2895 ‘
2811 2886 2890 2923 au

587 2954 787 3025 aliquis
813 2955 953 3009 liber
978 2954 1049 3009 sit
1066 2957 1080 2983 '
1105 2972 1219 3009 was
1246 2954 1405 3008 older
1430 2968 1572 3008 even
1598 2953 1737 3006 than
1763 2953 1860 3007 the
1888 2954 2114 3008 Twelve
2140 2953 2350 3007 Tables
2377 2973 2389 3006 :
2430 2952 2545 3006 ‘ius
2571 2951 2726 3022 quod
2763 2952 2890 3020 ipse

586 3035 828 3108 [Appius
866 3036 1159 3109 Claudius]
1184 3056 1251 3093 ex
1276 3048 1465 3092 vetere
1499 3036 1620 3091 iure
1654 3036 1710 3090 in
1737 3035 2040 3091 duodecim
2072 3036 2294 3092 tabulas
2329 3036 2719 3092 transtulerat’
2747 3036 2888 3106 Dig.

596 3136 637 3174 1.
668 3136 716 3175 2.
745 3137 793 3178 2.
822 3137 907 3189 24.

661 3203 689 3276 ξ
718 3209 809 3259 14.
850 3206 935 3260 Of
962 3222 1161 3260 course
1198 3206 1295 3259 the
1334 3204 1660 3274 expression
1689 3202 1765 3257 ‘si
1806 3214 1984 3273 paret,
2015 3205 2140 3259 etc.'
2173 3204 2279 3259 bas
2315 3221 2391 3259 no
2428 3204 2626 3258 formal
2659 3219 2724 3257 or
2759 3220 2890 3273 pro-

590 3289 809 3343 cessual
851 3288 1227 3359 signification
1267 3288 1325 3342 in
1360 3286 1684 3359 Justinian;
1723 3287 1796 3340 all
1833 3286 1957 3341 that
1996 3286 2042 3341 is
2083 3298 2275 3342 meant
2320 3288 2368 3341 is
2404 3288 2526 3342 that
2569 3304 2606 3343 a
2645 3286 2900 3356 plaintiff

590 3380 799 3425 cannot
836 3371 911 3440 by
936 3388 972 3425 a
1006 3372 1123 3426 real
1162 3370 1350 3425 action
1388 3370 1637 3424 demand
1675 3386 2035 3438 conveyance
2073 3370 2271 3438 (datio)
2307 3370 2409 3426 but
2445 3372 2658 3439 merely
2692 3386 2890 3441 recog-

590 3454 769 3510 nition
796 3454 860 3507 of
876 3454 965 3508 his
991 3455 1309 3525 ownership
1334 3472 1397 3508 or
1422 3455 1584 3508 other
1608 3453 1696 3507 ius
1723 3452 1780 3507 in
1807 3470 1943 3507 rem.
2001 3454 2114 3507 For
2137 3455 2234 3508 the
2260 3456 2526 3523 anomaly
2545 3454 2609 3508 of
2625 3454 2890 3524 allowing

591 3556 625 3591 a
651 3554 855 3606 person
884 3538 1073 3591 whose
1097 3547 1364 3607 property
1383 3538 1487 3591 has
1512 3538 1660 3591 been
1685 3538 1866 3591 stolen
1894 3538 1990 3592 the
2017 3537 2211 3607 option
2237 3538 2492 3592 between
2512 3555 2547 3592 a
2570 3538 2687 3592 real
2713 3537 2830 3592 and
2855 3554 2894 3591 a

592 3621 853 3690 personal
892 3619 1081 3675 action
1120 3638 1215 3675 see
1242 3637 1297 3690 p.
1330 3634 1427 3689 507
1459 3636 1606 3690 supr.
1688 3622 1752 3673 In
1781 3620 1892 3674 this
1919 3620 2256 3675 connection
2282 3621 2490 3675 furtum
2517 3620 2770 3675 includes
2793 3632 2891 3676 not

592 3704 723 3772 only
741 3702 957 3773 rapina,
977 3704 1077 3758 but
1104 3704 1313 3758 violent
1339 3713 1529 3757 ouster
1552 3704 1697 3758 from
1722 3704 1858 3757 land
1881 3722 1894 3757 :
1938 3703 2024 3758 ‘et
2051 3704 2119 3772 ei,
2147 3703 2242 3774 qui
2269 3702 2322 3758 vi
2349 3704 2596 3775 aliquem
2622 3704 2696 3758 de
2713 3704 2892 3758 fundo

592 3786 858 3841 deiecerit
885 3803 1055 3856 posse
1080 3786 1333 3841 condici’
1372 3787 1504 3855 Dig.
1541 3802 1620 3855 ¹3·
1650 3802 1699 3855 3.
1727 3803 1775 3841 2.
1812 3800 1890 3856 15.

665 3866 693 3938 ξ
721 3873 811 3923 15.
853 3870 965 3923 For
990 3870 1085 3923 the
1112 3868 1291 3939 origin
1318 3870 1433 3923 and
1459 3868 1673 3939 history
1693 3871 1759 3923 of
1775 3870 2060 3926 condictio
2085 3888 2182 3925 see
2209 3872 2494 3925 Excursus
2515 3872 2569 3925 X
2591 3870 2688 3925 ins.
2765 3872 2894 3926 The

594 3952 843 4023 grounds
869 3969 1021 4023 upon
1048 3952 1230 4006 which
1267 3952 1308 4006 it
1346 3953 1438 4021 lay
1464 3970 1608 4007 were
1645 3954 1744 4008 the
1781 3970 1940 4009 same
1977 3954 2034 4008 in
2073 3953 2400 4024 Justinian’s
2437 3953 2673 4013 timeas
2704 3954 2760 4008 in
2797 3956 2896 4009 the

596 4038 899 4106 formulary
924 4036 1121 4107 period
1145 4057 1158 4102 ;
1200 4035 1302 4090 viz.
1325 4046 1599 4105 mutuum,
1626 4037 1825 4092 formal
1864 4049 2136 4107 contract‚
2166 4038 2432 4107 legatum,
2454 4039 2544 4092 lex
2577 4036 2630 4108 (ξ
2661 4052 2730 4104 24
2753 4036 2894 4105 inf.)‚

596 4120 712 4176 and
736 4120 1087 4174 enrichi-nent
1115 4118 1180 4172 of
1196 4136 1231 4173 a
1256 4118 1562 4173 defendant
1589 4130 1648 4174 at
1673 4120 1770 4174 the
1795 4120 2088 4189 plaintiff’s
2114 4132 2236 4174 eost
2263 4120 2385 4175 sine
2419 4136 2593 4175 causa
2619 4141 2635 4186 ;
2669 4122 2770 4175 but
2797 4122 2894 4176 the

596 4206 766 4275 penal
792 4202 1023 4273 sponsio
1050 4201 1247 4257 tertiae
1271 4201 1449 4274 partis
1484 4202 1540 4257 in
1568 4202 1853 4258 condictio
1879 4204 2015 4257 certi
2052 4204 2168 4259 had
2204 4204 2597 4274 disappeared‚
2621 4222 2688 4258 as
2713 4203 2892 4273 might

597 4290 671 4343 be
696 4287 938 4342 inserted
964 4286 1107 4342 from
1134 4288 1229 4341 the
1256 4286 1600 4357 description
1627 4286 1685 4341 in
1714 4285 1740 4356 ξ
1779 4301 1837 4353 17
1866 4286 1962 4340 inf.
1985 4287 2051 4341 of
2067 4288 2164 4343 the
2189 4288 2424 4356 remedy
2445 4304 2521 4342 on
2547 4299 2804 4342 mutuum
2829 4304 2893 4343 as

598 4372 809 4439 merely
834 4371 913 4425 rei
940 4370 1335 4440 persecutoria.

672 4451 816 4525 §17-
860 4453 1097 4509 Actions
1140 4453 1219 4509 rei
1260 4452 1687 4525 persequendae
1730 4469 1903 4509 causa
1945 4470 2041 4509 are
2079 4452 2305 4508 defined
2349 4470 2413 4508 as
2457 4455 2620 4508 those
2663 4453 2892 4524 ‘quibus
