3230 5116
519 413 648 488 232
925 405 1074 465 INS
1081 407 1221 465 TIT
1230 408 1338 465 UT
1335 407 1494 465 ION
1497 407 1630 465 UM
1664 405 1903 463 LIBRI
1938 406 2411 480 QUATTUOR.
2594 409 2727 476 [Lib.
2752 414 2819 465 11.

517 569 774 635 alienus
830 587 1090 634 servus:
1166 571 1344 653 qnod
1408 569 1586 640 enim
1646 568 1895 654 placuit
1955 570 2041 635 de
2099 569 2593 650 usufructuario,
2640 570 2819 634 idem

521 672 743 758 placet
773 682 842 738 et
870 675 958 739 de
985 674 1206 738 bonae
1242 673 1400 738 fidei
1443 654 1845 758 possessore.
1934 672 2162 756 itaque
2207 673 2387 756 quod
2428 683 2619 738 extra
2653 674 2819 738 duas

521 777 682 840 istas
719 797 950 842 causas
982 777 1365 860 adquiritur,
1405 777 1471 841 id
1517 776 1626 841 vel
1668 778 1759 842 ad
1803 777 2021 859 ipsum
2066 779 2373 860 pertinet,
2412 778 2469 841 si
2507 777 2674 841 liber
2702 787 2821 857 est,

520 880 629 944 vel
658 881 744 945 ad
775 881 1137 960 dominum,
1166 881 1223 945 si
1253 901 1479 946 servus
1509 891 1629 946 est.
1716 881 1835 946 sed
1867 881 2085 946 bonae
2114 880 2273 946 fidei
2304 901 2643 965 possessor
2671 901 2821 947 cum

521 986 894 1070 usuceperit
915 1005 1193 1065 servum,
1224 986 1379 1070 quia
1409 1007 1490 1051 eo
1521 985 1725 1051 modo
1755 986 2067 1050 dominus
2097 984 2192 1064 fit,
2224 1006 2313 1050 ex
2342 985 2653 1049 omnibus
2670 1005 2823 1050 cau-

519 1089 612 1154 sis
639 1109 758 1172 per
801 1109 954 1153 eum
993 1089 1120 1153 sibi
1152 1089 1501 1173 adquirere
1544 1097 1804 1172 potest:
1862 1088 2255 1154 fructuarius
2280 1109 2436 1154 vero
2466 1108 2825 1171 usucapere

523 1214 659 1257 non
699 1201 941 1276 potest,
976 1194 1263 1277 primum
1309 1194 1467 1277 quia
1511 1213 1644 1257 non
1688 1193 2003 1276 possidet,
2046 1193 2165 1258 sed
2208 1192 2416 1258 habet
2460 1193 2559 1257 ius
2594 1193 2823 1258 utendi

521 1296 800 1376 fruendi,
846 1297 1088 1361 deinde
1133 1298 1290 1380 quia
1333 1296 1458 1362 scit
1501 1316 1762 1361 servum
1806 1294 2095 1360 alienum
2150 1317 2311 1362 esse.
2424 1316 2556 1360 non
2608 1295 2824 1361 solum

521 1411 750 1466 autem
803 1403 1174 1484 proprietas
1231 1421 1351 1485 per
1398 1421 1514 1465 eos
1563 1421 1807 1476 servos,
1868 1401 1936 1463 in
1997 1401 2236 1484 quibus
2295 1421 2488 1465 usum
2540 1400 2826 1465 fructum

519 1503 784 1569 habetis
802 1504 908 1570 vel
929 1525 1096 1588 quos
1117 1506 1296 1570 bona
1326 1505 1457 1570 fide
1479 1504 1852 1588 possidetiS,
1879 1503 1986 1570 vel
2016 1525 2135 1588 per
2154 1504 2429 1570 liberam
2454 1525 2823 1588 personam,
2900 1531 2909 1541 ·

521 1625 696 1688 quae
728 1603 914 1672 bona
943 1607 1076 1672 fide
1118 1608 1308 1673 vobis
1351 1608 1569 1687 servit,
1601 1609 1981 1692 ,adquiritur
2022 1607 2227 1688 vobis,
2270 1609 2391 1673 sed
2431 1609 2633 1673 etiam
2668 1629 2821 1692 pos-

520 1711 769 1775 sessio:
846 1711 1181 1795 loquimur
1253 1722 1481 1777 autem
1561 1714 1631 1776 in
1705 1712 2043 1795 utriusque
2124 1732 2405 1795 persona
2462 1713 2823 1777 secundum

519 1813 998 1892 definitionem,
1059 1836 1264 1899 quam
1323 1815 1634 1901 proxime
1692 1817 2144 1899 exposuimus,
2218 1815 2288 1879 id
2364 1826 2466 1881 est
2517 1817 2573 1880 si
2621 1836 2825 1899 quam

519 1919 1005 2000 possessionem
1037 1939 1126 1982 ex
1158 1939 1228 1984 re
1254 1928 1473 1984 vestra
1512 1917 1622 1984 vel
1668 1940 1759 1984 ex
1802 1918 2113 2001 operibus
2142 1919 2277 1982 suis
2306 1918 2533 2002 adepti
2564 1918 2822 1984 suerint.

462 2021 498 2078 5
524 2020 640 2084 Ex
673 2021 778 2086 his
822 2023 1049 2106 itaque
1092 2032 1373 2106 apparet
1418 2042 1538 2106 per
1581 2022 1825 2087 liberos
1867 2022 2191 2099 homines,
2238 2042 2405 2105 quos
2450 2042 2669 2105 neque
2703 2024 2824 2086 iuri

520 2136 742 2190 vestro
775 2128 1108 2192 subiectos
1143 2127 1404 2195 habetis
1442 2147 1658 2214 neque
1702 2127 1881 2190 bona
1926 2125 2058 2190 fide
2103 2127 2472 2210 possidetis,
2505 2128 2667 2191 item
2706 2148 2827 2212 per

517 2229 773 2294 alienos
803 2251 1044 2307 servos,
1088 2230 1155 2294 in
1195 2232 1434 2314 quibus
1473 2251 1691 2314 neque
1737 2250 1931 2294 usum
1976 2231 2260 2296 fructum
2304 2229 2565 2297 habetis
2592 2239 2827 2314 'neque

519 2331 766 2396 iustam
796 2335 1301 2417 possessionem,
1343 2333 1527 2399 nulla
1571 2355 1662 2399 ex
1706 2355 1904 2399 causa
1946 2335 2136 2400 vobis
2164 2336 2421 2418 adquiri
2452 2356 2668 2419 posse.
2758 2347 2827 2402 et

519 2435 649 2501 hoc
693 2446 813 2516 est,
862 2440 1042 2521 quod
1088 2439 1330 2503 dicitur
1370 2459 1492 2523 per
1534 2448 1929 2504 extraneam
1976 2459 2325 2521 personam
2364 2439 2528 2505 nihil
2568 2440 2825 2522 adquiri

520 2561 758 2625 posse:
819 2551 1107 2626 excepto
1149 2563 1247 2623 e0,
1307 2543 1488 2627 quod
1547 2563 1668 2627 per
1717 2543 1993 2608 liberam
2046 2564 2398 2627 personam
2452 2544 2653 2609 veluti
2710 2565 2827 2630 per

520 2655 1013 2729 procuratorem
1063 2646 1284 2730 placet
1333 2668 1466 2713 non
1518 2648 1735 2713 solum
1789 2648 2166 2725 scientibuS,
2216 2651 2333 2715 sed
2383 2651 2587 2716 etiam
2638 2652 2825 2735 igno·

519 2751 817 2816 rantibus
865 2751 1054 2816 vobis
1111 2751 1370 2837 adquiri
1430 2753 1919 2836 possessionem
1978 2755 2341 2819 secundum
2403 2756 2536 2819 divi
2598 2756 2825 2821 Severi

519 2854 1060 2919 constitutionem
1093 2864 1162 2921 et
1200 2876 1323 2938 per
1363 2856 1534 2919 hanc
1579 2856 2067 2939 possessionem
2112 2859 2313 2923 etiam
2353 2860 2739 2939 dominium,
2770 2859 2826 2923 si

519 2958 830 3023 dominus
859 2958 982 3023 fuit
1011 2961 1128 3041 qui
1154 2960 1449 3034 tradidit,
1490 2960 1595 3024 vel
1639 2963 2110 3044 usucapionem
2146 2973 2265 3029 aut
2293 2964 2476 3046 longi
2506 2965 2825 3047 temporis

517 3064 1125 3147 praescriptionem,
1155 3063 1210 3127 si
1241 3065 1547 3129 dominus
1579 3085 1713 3129 non
1743 3066 1847 3131 sit.

518 3283 768 3337 possess,
792 3268 880 3322 for
915 3268 1013 3323 the
1049 3266 1216 3323 latter
1251 3283 1633 3338 presupposes
1664 3284 1702 3323 a
1730 3267 2021 3323 condition
2049 3268 2105 3323 in
2131 3269 2315 3325 which
2338 3270 2457 3326 free
2480 3270 2701 3326 actions
2728 3287 2824 3326 are

518 3350 789 3421 possible,
817 3350 1085 3421 Savigny,
1115 3353 1274 3406 PosS.
1305 3353 1335 3419 §
1363 3366 1413 3420 9.

595 3432 664 3487 In
692 3432 870 3488 Gaius
907 3433 985 3502 (ii.
1011 3434 1102 3503 94)
1141 3433 1184 3489 it
1222 3433 1271 3488 is
1307 3433 1496 3489 stated
1531 3450 1596 3489 as
1636 3450 1673 3489 a
1710 3432 1969 3505 question
2014 3435 2265 3489 whether
2304 3451 2415 3491 one
2444 3451 2551 3489 can
2594 3434 2824 3506 acquire

519 3516 850 3585 possession
874 3517 1120 3586 through
1145 3534 1182 3571 a
1204 3517 1366 3572 slave
1386 3517 1445 3572 in
1471 3517 1657 3573 whom
1684 3533 1793 3572 one
1818 3518 1923 3572 has
1948 3533 1985 3572 a
2007 3518 2257 3573 usufruct
2280 3537 2295 3585 3
2334 3518 2435 3573 but
2460 3517 2504 3573 it
2528 3517 2646 3573 had
2675 3518 2821 3574 been

519 3598 730 3654 settled
765 3598 822 3653 in
859 3601 958 3655 the
993 3600 1329 3656 affirmative
1364 3600 1444 3670 by
1470 3601 1569 3656 the
1605 3599 1745 3657 time
1782 3602 1850 3655 of
1879 3598 2172 3670 Papinian,
2198 3618 2273 3655 on
2308 3601 2406 3657 the
2442 3601 2664 3671 ground
2700 3602 2823 3657 that

518 3683 738 3752 though
775 3700 885 3737 one
917 3684 1056 3738 does
1084 3694 1186 3738 not
1223 3700 1453 3754 possess
1487 3684 1625 3752 him,
1652 3700 1761 3739 one
1791 3684 1930 3739 does
1966 3694 2067 3738 not
2100 3700 2331 3754 possess
2362 3702 2398 3740 a
2430 3684 2823 3741 filiusfamilias

519 3765 717 3835 either,
758 3767 966 3821 Paulus
1006 3766 1064 3822 in
1109 3766 1244 3838 Dig.
1269 3783 1354 3836 41.
1383 3783 1435 3821 2.
1468 3781 1514 3821 1.
1539 3768 1612 3822 8:
1657 3767 2021 3839 presumably
2062 3769 2161 3823 the
2200 3768 2377 3824 doubt
2416 3770 2721 3839 expressed
2764 3767 2833 3824 in·

520 3848 700 3904 Gaius
726 3848 784 3904 ii.
808 3864 881 3919 90
903 3867 1019 3905 was
1044 3850 1250 3906 settled
1275 3848 1333 3904 in
1359 3850 1457 3905 the
1483 3866 1643 3905 same
1666 3867 1921 3906 manner.
1974 3851 2085 3905 But
2109 3852 2207 3907 the
2230 3850 2406 3908 limits
2427 3851 2619 3907 within
2638 3851 2823 3908 which

518 3932 595 3988 he
630 3932 800 3987 could
837 3932 1068 4005 acquire
1106 3933 1436 4004 possession
1470 3934 1558 3988 for
1592 3934 1691 3989 the
1734 3950 1941 4004 person
1968 3934 2094 3990 who
2136 3935 2255 3990 had
2296 3937 2393 3992 the
2436 3936 2685 3991 usufruct
2726 3953 2824 3993 are

519 4016 686 4083 fixed‚
711 4016 990 4087 precisely
1024 4034 1090 4071 as
1126 4017 1262 4086 they
1297 4034 1396 4073 are
1431 4018 1585 4086 here,
1609 4018 1689 4086 by
1715 4017 1995 4088 Papinian
2026 4017 2085 4073 in
2108 4018 2241 4089 Dig.
2266 4034 2350 4087 4¹.
2380 4035 2427 4075 2.
2454 4034 2540 4090 49.
2567 4036 2669 4090 pr.,
2695 4020 2822 4075 who

519 4098 776 4171 explains
803 4099 998 4155 Gaius’
1021 4100 1295 4169 difficulty
1316 4101 1395 4169 by
1417 4100 1744 4170 remarking
1768 4102 1892 4157 that
1929 4103 2028 4157 the
2064 4102 2455 4173 usufructum-y
2480 4114 2539 4159 at
2564 4120 2677 4173 any
2700 4113 2822 4159 rate

519 4184 626 4241 has
653 4182 944 4238 detention
969 4183 1036 4237 of
1050 4185 1148 4239 the
1177 4184 1351 4253 slave,
1375 4183 1491 4239 and
1516 4183 1809 4239 detention
1836 4184 1851 4213 ‘
1866 4184 2115 4263 borrows
2140 4187 2311 4241 much
2336 4186 2481 4241 from
2507 4187 2606 4241 the
2629 4186 2770 4242 law!

591 4268 622 4335 ξ
649 4270 708 4324 5.
743 4268 796 4321 Α
819 4284 1028 4337 person
1053 4267 1180 4322 who
1206 4285 1321 4323 was
1357 4278 1458 4323 not
1496 4267 1553 4323 in
1591 4286 1695 4323 our
1731 4278 2003 4339 potestaS,
2028 4288 2249 4340 manus,
2276 4288 2340 4325 or
2363 4270 2728 4341 mancipium,
2754 4287 2820 4326 or

517 4352 674 4407 bona
715 4349 829 4407 fide
869 4351 1176 4421 possessed
1217 4352 1312 4422 by,
1355 4369 1421 4407 or
1462 4369 1500 4408 a
1540 4353 1697 4407 slave
1735 4351 1793 4406 in
1830 4352 2083 4409 usufruct
2126 4362 2203 4422 to,
2247 4371 2333 4417 us,
2372 4370 2487 4409 was
2525 4355 2709 4410 called
2745 4370 2820 4409 an

518 4444 789 4491 extranea
811 4450 1056 4505 persona
1082 4454 1095 4491 ε
1133 4436 1250 4491 and
1286 4437 1382 4491 the
1415 4434 1618 4492 earlier
1655 4438 1881 4491 Roman
1919 4434 2043 4506 law,
2084 4453 2150 4492 so
2185 4436 2273 4492 far
2308 4438 2455 4493 from
2489 4437 2751 4507 allowing
2785 4454 2823 4493 a

519 4533 656 4577 man
688 4527 749 4575 to
781 4517 1010 4593 acquire
1035 4518 1352 4591 ownership
1377 4519 1623 4591 through
1661 4520 1801 4577 such
1838 4536 1914 4579 an
1950 4519 2205 4577 outsider
2238 4530 2299 4578 to
2336 4520 2473 4593 him,
2499 4520 2685 4577 would
2720 4530 2820 4590 not
