3230 5116
369 440 470 491 Tit.
497 432 566 503 1.]
954 432 1078 487 DE
1118 431 1460 488 HEREDI
1459 432 1516 489 T
1507 432 1564 487 A
1578 433 1634 487 T
1625 433 1719 489 IB
1726 432 1829 490 US
1826 476 1843 506 ,
1884 434 1945 491 E
1951 432 2068 490 TC.
2218 442 2229 449 “
2542 446 2671 519 343

369 596 512 661 iura
561 594 656 661 ita
709 594 968 671 servari,
1021 603 1224 678 atque
1273 594 1328 659 si
1382 596 1449 661 in
1507 596 1719 680 patris
1764 597 2081 663 naturalis
2132 606 2471 681 potestate
2520 619 2670 681 per-

369 700 721 765 mansisset
765 718 886 766 nec
931 698 1194 781 penitus
1236 698 1512 782 adoptio
1559 699 1758 765 suerit
1806 701 2197 767 subsecuta:
2259 701 2385 767 nisi
2432 702 2499 765 in
2542 702 2669 769 hoc

367 802 834 869 tantummodo
886 822 1060 881 casu,
1111 812 1187 868 ut
1230 803 1441 886 possit
1489 804 1578 869 ab
1632 804 1945 871 intestato
1985 806 2073 873 ad
2124 806 2331 889 patris
2372 806 2670 890 adoptivi

367 906 588 970 venire
631 896 1138 971 successionem.
1245 916 1649 973 testamento
1692 917 1921 973 autem
1969 910 2057 973 ab
2104 928 2185 973 eo
2232 909 2411 974 facto
2454 930 2673 993 neque

369 1009 510 1073 iure
540 1010 712 1073 civili
743 1028 958 1092 neque
997 1011 1328 1091 praetorio
1368 1009 1619 1094 aliquid
1666 1032 1755 1075 ex
1794 1012 2164 1077 hereditate
2197 1013 2337 1077 eius
2364 1014 2671 1096 persequi

368 1121 595 1195 potest
651 1132 868 1195 neque
932 1122 1162 1178 contra
1234 1113 1496 1179 tabulas
1568 1114 1897 1180 bonorum
1968 1116 2386 1200 possessione
2444 1117 2673 1200 agnita

367 1235 584 1298 neque
636 1215 977 1281 inofficiosi
1029 1216 1326 1299 querella
1373 1216 1693 1297 instituta,
1734 1238 1886 1283 cum
1934 1236 2059 1283 nec
2105 1219 2457 1284 necessitas
2499 1220 2671 1301 patri

367 1322 684 1403 adoptivo
730 1321 1090 1404 imponitur
1134 1321 1242 1387 vel
1290 1320 1604 1387 heredem
1660 1343 1813 1388 eum
1865 1324 2204 1389 instituere
2242 1320 2350 1388 vel
2396 1323 2672 1389 exhere-

365 1424 600 1489 datum
629 1424 843 1489 facere
871 1432 1108 1509 utpote
1136 1424 1322 1489 nullo
1354 1426 1635 1491 naturali
1663 1426 1927 1492 vinculo
1965 1427 2368 1509 copulatum.
2456 1447 2673 1511 neque

367 1528 422 1591 si
480 1549 572 1592 ex
629 1528 946 1595 Afiniano
1003 1538 1272 1593 senatus
1331 1531 1633 1595 consulto
1693 1552 1782 1595 ex
1840 1530 2050 1596 tribus
2125 1530 2417 1595 maribus
2474 1530 2672 1595 fuerit

367 1631 766 1715 adoptatus:
813 1651 969 1697 nam
1023 1641 1093 1697 et
1139 1632 1208 1697 in
1259 1632 1639 1699 huiusmodi
1690 1654 1845 1699 casu
1898 1654 2113 1717 neque
2157 1642 2396 1717 quarta
2432 1633 2491 1698 ei
2536 1652 2671 1699 ser-

365 1744 560 1801 vatur
615 1756 736 1801 nec
797 1735 932 1801 ulla
1005 1736 1182 1801 actio
1255 1737 1344 1804 ad
1419 1738 1558 1802 eius
1624 1738 2146 1821 persecutionem
2212 1739 2273 1801 ei
2331 1738 2670 1820 competit.

363 1849 594 1905 nostra·
651 1851 876 1906 autem
935 1841 1411 1907 constitutione
1483 1852 1807 1926 exceptus
1880 1853 1984 1909 est
2040 1843 2113 1919 is,
2174 1862 2373 1925 quem
2432 1862 2671 1925 parens

363 1944 684 2011 naturalis
741 1946 1202 2028 adoptandum
1275 1948 1677 2030 susceperit:
1753 1956 2035 2030 utroque
2095 1947 2273 2011 enim
2332 1947 2471 2011 iure
2528 1956 2669 2011 tam

363 2049 648 2115 naturali
699 2068 904 2134 quam
955 2050 1256 2133 legitimo
1309 2051 1376 2115 in
1429 2051 1603 2117 hanc
1662 2072 2013 2135 personam
2066 2060 2493 2115 concurrente
2539 2050 2671 2133 pri-

363 2150 539 2217 stina
581 2153 721 2218 iura
764 2154 882 2219 tali
925 2154 1270 2237 adoptioni
1315 2156 1739 2233 servavimus„
1769 2155 2339 2239 quemadmodum
2383 2154 2438 2218 si
2482 2162 2673 2236 pater

363 2256 650 2321 familias
699 2278 844 2322 sese
894 2258 1154 2323 dederit
1207 2260 1687 2343 adrogantium.
1776 2280 1949 2343 quae
1998 2258 2374 2341 specialiter
2418 2264 2487 2322 et
2536 2257 2671 2321 sin-

362 2360 646 2445 gillatim
692 2384 781 2428 ex
825 2363 1162 2445 praefatae
1206 2364 1695 2429 constitutionis
1739 2374 1971 2429 tenore
2015 2370 2292 2446 possunt
2336 2361 2575 2446 colligi.

453 2467 628 2532 Item
673 2475 968 2532 vetustas
1019 2488 1109 2532 ex
1161 2468 1469 2533 masculis
1524 2469 1910 2553 progenitos
1961 2468 2111 2551 plus
2160 2467 2443 2551 diligens
2496 2466 2669 2531 solos
2698 2474 2765 2530 15

362 2581 641 2655 nepotes
668 2571 776 2637 vel
820 2581 1072 2656 neptes,
1104 2572 1218 2656 qui
1267 2593 1354 2636 ex
1381 2573 1551 2639 virili
1597 2595 1764 2639 sexu
1811 2574 2243 2652 descendunt,
2279 2572 2365 2637 ad
2402 2591 2671 2636 suorum

361 2676 645 2741 vocabat
694 2676 1176 2741 successionem
1229 2683 1297 2741 et
1341 2676 1461 2741 iuri
1513 2677 1957 2761 adgnatorum
2010 2697 2125 2742 eos
2176 2675 2669 2758 anteponebat:

366 2790 646 2864 nepotes
697 2791 942 2859 autem,
989 2781 1106 2863 qui
1159 2800 1247 2844 ex
1295 2779 1557 2846 filiabus
1604 2781 1745 2846 nati
1796 2791 1969 2858 sunt,
2012 2791 2081 2846 et
2130 2788 2531 2862 pronepotes
2583 2799 2673 2842 ex

365 2885 676 2968 neptibus
708 2894 1140 2968 cognatorum
1177 2884 1327 2949 loco
1362 2877 1718 2951 numerans
1760 2894 1912 2969 post
1948 2885 2391 2969 adgnatorum
2428 2883 2672 2947 lineam

366 3009 482 3052 eos
527 2989 812 3055 vocabat
875 2997 1016 3052 tam
1079 2989 1148 3052 in
1200 2989 1305 3052 avi
1351 2988 1458 3056 vel
1510 2989 1737 3073 proavi
1792 2989 2071 3053 materni
2119 3007 2323 3071 quam
2372 2987 2437 3049 in
2487 2985 2674 3050 aviae

363 3093 471 3157 vel
501 3093 808 3176 proaviae
847 3095 988 3158 sive
1031 3101 1347 3176 paternae
1391 3093 1528 3159 sive
1565 3103 1907 3159 maternae
1950 3091 2450 3158 successionem.
2538 3089 2673 3154 divi

363 3299 524 3354 three
550 3315 684 3354 sons
708 3299 770 3353 in
791 3296 1083 3368 adoption,
1102 3295 1200 3352 the
1225 3295 1494 3367 adoptive
1518 3296 1705 3351 father
1728 3304 1880 3350 must
1904 3289 2065 3350 leave
2089 3293 2209 3349 him
2229 3310 2265 3348 a
2284 3291 2471 3347 fourth
2498 3291 2565 3346 of
2580 3289 2671 3347 his

363 3393 629 3454 property
649 3393 707 3438 at
725 3383 888 3450 laest,
903 3381 1163 3452 Theoph.
1203 3383 1318 3436 For
1340 3379 1669 3451 Justinian's
1696 3380 1947 3448 changes
1974 3378 2032 3432 in
2052 3379 2151 3433 the
2176 3378 2284 3432 law
2309 3375 2375 3430 of
2391 3373 2667 3446 adoption

367 3465 532 3536 (Cod.
558 3467 720 3534 8.48.
747 3465 834 3535 10)
861 3481 958 3520 see
981 3480 1057 3520 on
1085 3465 1191 3522 Bk.
1217 3463 1252 3520 i.
1277 3479 1354 3519 11.
1384 3479 1416 3517 2
1442 3479 1594 3534 supr.
1668 3461 1844 3518 Their
1867 3462 2059 3529 result,
2084 3477 2150 3517 so
2174 3460 2261 3516 far
2282 3477 2349 3515 as
2375 3459 2582 3516 relates
2608 3468 2667 3514 to

364 3547 630 3605 intestate
657 3547 1003 3616 succession,
1027 3563 1142 3603 was
1167 3565 1232 3603 as
1257 3547 1512 3603 follows·

437 3631 517 3702 (1)
559 3630 618 3686 If
644 3631 747 3687 the
780 3631 1012 3702 adoptio
1054 3649 1170 3688 was
1211 3631 1399 3685 minus
1439 3632 1627 3702 plena,
1670 3630 1769 3685 the
1809 3629 2113 3700 adoptatus
2156 3625 2415 3682 retained
2458 3626 2535 3680 all
2575 3579 2667 3680 his

361 3715 542 3786 rights
579 3713 804 3786 against
838 3715 936 3770 the
973 3724 1156 3770 estate
1193 3715 1260 3770 of
1289 3713 1381 3770 his
1419 3714 1644 3770 natural
1681 3713 1881 3782 father,
1916 3711 2033 3768 and
2068 3709 2338 3782 acquired
2366 3707 2595 3764 besides
2630 3725 2667 3764 a

363 3798 532 3854 claim
557 3815 622 3853 as
648 3814 784 3853 suus
807 3808 870 3853 to
891 3798 1016 3852 that
1040 3797 1107 3852 of
1121 3799 1220 3853 the
1252 3797 1520 3868 adoptive
1553 3797 1755 3866 father,
1783 3796 1832 3852 if
1858 3798 1931 3852 he
1968 3794 2102 3851 died
2138 3794 2422 3861 intestate,
2447 3791 2665 3859 though

365 3898 515 3937 none
547 3890 608 3935 to
637 3881 759 3936 that
793 3881 858 3936 of
883 3881 980 3936 the
1009 3881 1220 3935 latter’s
1244 3889 1497 3951 agnates.
1574 3882 1663 3936 To
1700 3881 1799 3936 the
1834 3888 2103 3951 property
2131 3877 2197 3932 of
2224 3877 2323 3931 the
2360 3875 2665 3946 adoptatus

363 3965 463 4020 the
486 3965 768 4035 adoptans
796 3965 915 4020 had
947 3981 1026 4020 no
1059 3963 1241 4034 rights
1275 3965 1342 4019 of
1367 3965 1693 4021 succession
1720 3965 2017 4020 whatever.
2097 3959 2177 4031 (2)
2221 3959 2280 4014 Π
2300 3960 2400 4015 the
2428 3957 2665 4028 adoptio

363 4065 480 4104 was
516 4049 700 4119 plena,
726 4049 824 4104 the
857 4048 1038 4118 rights
1074 4048 1141 4102 os
1168 4047 1268 4102 the
1303 4047 1606 4118 adoptatus
1637 4048 1863 4118 against
1891 4047 1991 4102 the
2022 4053 2291 4116 property
2314 4043 2380 4098 of
2404 4043 2543 4096 both
2574 4042 2664 4097 his

359 4141 552 4203 patres
577 4133 693 4188 and
718 4133 842 4188 that
866 4131 933 4187 of
948 4130 1039 4186 his
1063 4130 1288 4186 mother
1310 4131 1603 4187 remained
1627 4129 1942 4186 unaltered.
2014 4129 2098 4183 As
2128 4137 2189 4183 to
2219 4126 2309 4181 his
2340 4124 2578 4181 relation
2602 4133 2664 4179 to

361 4215 452 4270 his
475 4216 698 4270 natural
721 4216 951 4271 father's
975 4213 1324 4269 inheritance
1343 4215 1502 4269 there
1521 4213 1571 4269 is
1591 4231 1753 4270 some
1773 4212 2079 4268 difference
2096 4210 2164 4265 of
2175 4207 2424 4279 opinion,
2446 4207 2664 4277 though

359 4300 458 4355 the
478 4298 806 4370 expression
825 4297 882 4353 in
900 4298 997 4353 the
1017 4307 1133 4353 text
1152 4296 1412 4368 (pristina
1435 4296 1557 4352 iura
1581 4297 1680 4352 tali
1706 4294 1999 4366 adoptioni
2026 4291 2399 4369 servavimus)
2419 4289 2663 4361 coupled

361 4382 498 4437 with
522 4384 618 4438 the
645 4382 826 4437 whole
849 4391 1014 4438 tenor
1035 4381 1103 4436 of
1121 4381 1264 4438 Cod.
1285 4382 1335 4437 8.
1354 4381 1442 4449 48.
1467 4396 1546 4450 10,
1565 4379 1683 4436 and
1710 4379 1815 4435 Bk.
1833 4378 1865 4434 i.
1892 4393 1913 4433 1
1929 4393 1973 4434 1.
1994 4392 2027 4432 2
2053 4393 2205 4446 supr.
2232 4391 2366 4445 may
2390 4374 2463 4428 be
2488 4373 2663 4428 taken

362 4481 428 4520 as
453 4465 791 4521 conclusive.

437 4549 468 4617 ᾧ
493 4551 588 4605 15.
625 4547 752 4604 The
775 4557 1132 4606 enactments
1155 4547 1404 4606 referred
1427 4556 1488 4603 to
1513 4561 1609 4603 are
1630 4545 1796 4602 those
1814 4543 1879 4600 of
1890 4541 2274 4612 Valentinian,
2289 4534 2663 4607 Theodosius,
