3230 5116
370 439 468 489 Tit.
497 433 600 503 πμ]
732 432 1046 504 QUIBUS
1087 431 1363 487 MODJS
1408 431 1714 487 OBLJGA
1726 432 1863 488 Tro
1913 433 2345 493 TOLLJTUR.
2541 440 2669 507 447

369 619 649 677 servum,
681 598 746 661 in
793 618 927 681 quo
972 616 1164 660 usum
1209 596 1494 661 fructum
1530 598 1638 663 vel
1685 619 1878 662 usum
1922 598 2207 676 habetis,
2240 600 2543 665 similiter
2584 622 2671 665 ex

369 703 628 767 duabus
659 702 802 765 istis
832 703 1045 766 causis
1074 702 1262 766 vobis
1296 702 1678 785 adquiritur.
1770 701 2214 767 Communem
2258 724 2519 767 servum
2551 726 2672 787 pro
2699 727 2734 781 3

369 806 701 871 dominica
754 815 944 889 parte
1002 806 1289 869 dominis
1339 806 1685 888 adquirere
1738 818 1990 872 certum
2045 818 2166 883 est,
2220 819 2508 889 excepto
2570 829 2671 887 e0,

371 912 549 994 quod
613 911 726 974 uni
788 910 1183 975 nominatim
1249 911 1630 994 stipulando
1690 922 1807 977 aut
1854 933 1975 995 per
2023 913 2450 978 traditionem
2503 914 2671 976 acci-

370 1014 617 1097 piendo
677 1013 770 1077 illi
821 1014 944 1077 soli
1003 1015 1311 1099 adquirit,
1363 1014 1590 1093 veluti,
1646 1036 1795 1080 cum
1860 1017 1951 1080 ita
2005 1016 2394 1099 stipuletur:
2456 1015 2673 1081 ‘Titio

371 1120 644 1183 domino
676 1139 828 1183 meo
858 1119 1016 1183 dare
1041 1121 1374 1203 spondes?
1396 1116 1410 1144 '
1460 1121 1577 1185 sed
1610 1122 1665 1185 si
1698 1123 1889 1185 unius
1935 1121 2185 1184 domini
2228 1122 2404 1185 iussu
2451 1141 2675 1184 servus

371 1222 564 1286 fuerit
609 1222 980 1305 stipulatuS,
1014 1223 1167 1287 licet
1207 1233 1409 1289 antea
1449 1224 1895 1303 dubitabatur,
1926 1233 2151 1289 tamen
2196 1235 2347 1307 post
2380 1233 2675 1288 nostram

370 1328 918 1391 decisionem-res
949 1329 1266 1411 expedita
1303 1340 1422 1409 est,
1453 1341 1526 1396 ut
1572 1329 1667 1393 illi
1713 1340 1975 1397 tantum
2021 1330 2343 1414 adquirat,
2380 1330 2492 1413 qui
2540 1328 2669 1393 hoc

374 1432 433 1496 ei
463 1430 679 1497 facere
712 1432 916 1513 iussit,
949 1442 1022 1497 ut
1054 1454 1251 1517 supra
1283 1434 1537 1501 dictum
1573 1444 1693 1501 est.

1401 1676 1667 1742 XXIX.

797 1853 1068 1917 QUIBUS
1117 1854 1350 1905 Moms
1396 1853 1801 1904 OBLIGATIO
1848 1854 2247 1907 ToLL1TUR.

467 2003 752 2068 Tollitur
781 2014 1005 2069 autem
1037 2004 1252 2067 omnis
1282 2005 1602 2089 obligatio
1641 2004 1967 2070 solutione
2002 2004 2139 2069 eius
2172 2006 2350 2087 quod
2382 2006 2678 2082 debetur,

379 2108 484 2173 vel
516 2110 568 2173 si
601 2110 747 2192 quis
787 2110 1242 2175 consentiente
1287 2110 1610 2175 creditore
1648 2108 1828 2175 aliud
1866 2131 1986 2194 pro
2021 2109 2154 2174 aiio
2196 2109 2479 2174 solverit.
2556 2131 2682 2175 nec

379 2222 605 2279 tamen
638 2216 927 2293 interest,
958 2214 1104 2297 quis
1135 2214 1369 2291 solvat,
1401 2227 1623 2280 utrum
1666 2216 1807 2298 ipse
1843 2217 1954 2297 qui
2001 2215 2204 2279 debet
2244 2236 2329 2278 an
2361 2214 2529 2278 alius
2561 2237 2683 2298 pro

381 2416 434 2471 ii.
464 2431 511 2486 9.
541 2432 590 2485 4,
618 2418 733 2473 and
759 2419 908 2473 what
941 2417 990 2472 is
1029 2418 1156 2473 said
1192 2418 1344 2487 here,
1370 2418 1492 2472 that
1524 2418 1598 2472 all
1631 2419 1995 2473 commodum
2022 2417 2234 2488 arising
2258 2436 2327 2473 ex
2352 2418 2538 2489 operis
2565 2418 2682 2473 suis

382 2518 616 2557 accrues
653 2510 712 2555 to
739 2503 836 2557 the
861 2518 1069 2574 person
1106 2501 1320 2571 having
1343 2502 1442 2557 the
1467 2519 1584 2570 use,
1613 2518 1799 2556 seems
1826 2502 2284 2558 irreconcileable
2312 2503 2445 2558 with
2474 2502 2604 2574 Dig.
2632 2515 2685 2570 7.

383 2586 434 2639 8.
467 2599 546 2652 14.
572 2602 654 2656 pr.
684 2584 816 2656 ‘per
841 2603 1066 2640 servum
1092 2585 1379 2640 usuarium
1405 2584 1452 2640 si
1481 2585 1716 2656 stipuler
1745 2588 1833 2642 vel
1866 2604 1969 2657 per
1998 2587 2362 2644 traditionem
2388 2587 2686 2657 accipiam,

383 2685 457 2722 an
495 2668 809 2738 adqnimm,
848 2669 1149 2739 quaeritur,
1189 2669 1234 2723 si
1274 2686 1343 2723 ex
1379 2687 1440 2724 re
1477 2686 1606 2724 mea
1644 2671 1732 2724 vel
1770 2688 1837 2724 ex
1875 2670 2063 2741 operis
2101 2671 2239 2740 eiu5‚
2277 2681 2335 2727 et
2368 2670 2416 2726 si
2456 2670 2685 2742 quidem

384 2773 452 2811 ex
489 2755 676 2826 operis
713 2756 850 2826 eiuS,
877 2774 992 2810 non
1017 2757 1245 2825 valebit,
1272 2756 1540 2828 quoniam
1577 2773 1685 2812 nec
1722 2758 1909 2813 locare
1945 2757 2065 2813 eius
2104 2777 2304 2829 operas
2342 2775 2644 2830 possumus
2670 2779 2687 2824 ;

385 2841 488 2895 sed
507 2841 553 2896 si
572 2858 641 2895 ex
659 2859 720 2896 re
739 2858 884 2910 mea,
903 2840 1142 2896 dicimus
1161 2859 1384 2896 servum
1405 2841 1693 2896 usuarium
1712 2840 2077 2911 stipulantem
2098 2845 2183 2897 vel
2204 2860 2305 2912 per
2324 2842 2687 2897 traditionem

387 2925 761 2995 accipientem
787 2924 924 2979 mihi
952 2925 1267 2995 adquirere,
1295 2942 1423 2979 eum
1456 2926 1568 2979 hac
1594 2941 1769 2994 opera
1793 2925 1914 2979 eius
1941 2926 2101 2981 utar.'
2171 2928 2296 2980 The
2322 2927 2474 2980 truth
2500 2943 2687 2980 seems

387 3018 446 3063 to
489 3008 561 3063 be
602 3010 722 3063 that
765 3010 862 3064 the
905 3009 1116 3064 benefit
1154 3009 1221 3062 of
1249 3026 1362 3078 any
1399 3018 1655 3077 contract
1692 3009 1861 3063 made
1898 3009 1976 3078 by
2012 3027 2047 3064 a
2084 3011 2237 3065 slave
2276 3027 2343 3064 ex
2379 3027 2441 3064 re
2478 3008 2687 3063 usuarii

387 3091 585 3148 vested
623 3093 680 3147 in
718 3094 815 3148 the
852 3094 1033 3162 latter,
1061 3094 1277 3162 though
1315 3094 1389 3148 he
1427 3092 1595 3147 could
1630 3104 1730 3148 not
1756 3094 1831 3148 let
1858 3105 1953 3148 out
1982 3095 2077 3149 the
2103 3096 2301 3150 slave's
2328 3093 2609 3150 services:
2648 3093 2697 3148 if

388 3177 484 3230 the
527 3178 694 3232 latter
736 3179 812 3233 let
855 3179 1012 3232 thern
1056 3186 1152 3232 out
1197 3177 1432 3232 himself
1473 3179 1570 3233 the
1611 3194 1829 3232 merces
1870 3179 2040 3233 could
2078 3179 2149 3234 be
2191 3178 2433 3234 claimed
2475 3179 2552 3248 by
2590 3179 2689 3234 the

388 3277 613 3331 usuary,
642 3261 772 3332 Dig.
803 3274 852 3329 7.
880 3263 930 3317 8.
962 3277 1040 3330 13.

463 3342 490 3414 ξ
518 3347 574 3400 3.
615 3345 754 3400 Cod.
781 3361 831 3412 4.
860 3359 945 3413 27.
973 3361 1004 3414 3
1030 3364 1042 3399 :
1081 3345 1149 3400 cf.
1177 3345 1286 3400 Tit.
1324 3358 1399 3412 17.
1430 3359 1461 3414 3
1489 3345 1604 3400 and
1628 3356 1809 3404 notes,
1838 3363 1987 3417 supr.

461 3432 578 3484 mit.
607 3432 851 3484 XXIX.
889 3430 1052 3484 After
1070 3428 1395 3498 describing
1412 3428 1540 3484 how
1565 3428 1907 3499 obligations
1934 3448 2069 3500 may
2093 3429 2240 3487 arise
2266 3431 2411 3485 from
2437 3439 2690 3485 contract

392 3513 507 3566 and
531 3512 993 3584 quasi-contract,
1019 3512 1301 3583 Justinian
1329 3513 1601 3582 proceeds
1631 3524 1689 3568 to
1720 3515 1877 3567 show
1901 3514 2028 3568 how
2055 3516 2189 3584 they
2214 3533 2310 3570 are
2336 3514 2690 3583 discharged.

395 3597 551 3652 Here
591 3597 688 3654 the
731 3598 1031 3668 metaphor
1063 3597 1140 3668 by
1177 3597 1360 3652 which
1395 3598 1544 3652 their
1579 3597 1829 3652 creation
1870 3597 1917 3652 is
1956 3617 2020 3652 so
2056 3599 2267 3670 vividly
2304 3599 2606 3670 presented
2644 3598 2693 3652 is

392 3681 764 3750 consistently
788 3681 1095 3736 continued
1121 3700 1133 3736 z
1173 3699 1247 3736 an
1282 3680 1593 3750 obligation
1631 3680 1679 3735 is
1706 3681 1993 3736 dissolved
2018 3682 2094 3752 by
2118 3683 2215 3738 the
2240 3683 2478 3752 untying
2502 3683 2570 3736 of
2596 3682 2694 3737 the

391 3765 532 3819 knot
556 3766 634 3835 by
659 3766 755 3820 the
779 3765 938 3835 tying
964 3765 1030 3819 of
1057 3764 1242 3819 which
1279 3764 1321 3820 it
1360 3783 1474 3832 was
1512 3765 1789 3834 imposed,
1818 3766 1914 3821 the
1947 3767 2175 3835 general
2212 3777 2355 3822 term
2394 3764 2696 3835 employed

393 3847 567 3918 being
606 3850 839 3918 solvere,
878 3849 935 3902 in
973 3849 1071 3903 the
1113 3865 1278 3903 sense
1319 3848 1384 3903 of
1411 3847 1635 3918 loosing
1672 3865 1737 3902 or
1772 3849 2089 3920 releasing:
2134 3849 2401 3905 ‘solvisse
2437 3849 2695 3920 accipere

396 3932 670 3988 debemus
719 3949 834 3987 non
883 3943 1106 3987 tantum
1150 3949 1296 4000 eum,
1342 3932 1436 4002 qui
1481 3932 1666 4000 solvit,
1707 3949 1901 3987 verum
1945 3949 2173 3988 omnem
2217 3933 2450 3988 omnino
2493 3933 2589 4003 qui
2627 3948 2699 3986 ea

395 4014 741 4086 obligatione
767 4016 1036 4071 liberatus
1062 4026 1164 4085 est,
1192 4033 1338 4087 quae
1364 4034 1432 4071 ex
1459 4033 1633 4071 causa
1666 4015 1895 4071 iudicati
1932 4017 2227 4072 descendit
2244 4019 2257 4044 ’
2296 4017 2426 4087 Dig.
2455 4031 2541 4082 42.
2575 4031 2617 4070 1.
2644 4031 2693 4082 4.

397 4113 447 4168 7,
487 4099 738 4156 ‘solvere
776 4100 1018 4155 dicimus
1069 4118 1217 4169 eum,
1262 4099 1357 4170 qui
1407 4100 1463 4154 id
1517 4099 1651 4155 facit
1696 4099 1849 4171 quod
1884 4099 2070 4155 facere
2109 4101 2396 4172 promisit'
2436 4101 2567 4170 Dig.
2612 4112 2697 4168 50.

405 4182 484 4237 16.
529 4183 644 4253 1'76,
685 4182 1010 4238 ‘solutionis
1060 4184 1296 4239 verbum
1340 4183 1580 4254 pertinet
1632 4184 1705 4238 ad
1756 4201 1986 4238 omnem
2035 4184 2430 4240 liberationem
2469 4200 2698 4254 quoquo

397 4267 570 4322 modo
606 4268 834 4337 factam,
873 4267 1168 4337 magisque
1205 4267 1279 4322 ad
1317 4267 1695 4322 substantiam
1736 4267 2097 4337 obligationis
2136 4269 2372 4324 refertur
2414 4284 2585 4337 quam
2624 4265 2697 4320 ad

397 4367 758 4406 nummorum
793 4352 1165 4406 solutionem'
1205 4351 1337 4422 Dig.
1377 4351 1448 4406 ib.
1489 4364 1572 4417 47.
1654 4352 1721 4405 In
1760 4351 2097 4406 connection
2135 4351 2268 4406 with
2305 4353 2401 4406 the
2439 4349 2698 4404 different

399 4435 610 4490 classes
637 4435 703 4490 of
731 4445 1016 4491 contracts
1042 4434 1251 4490 indeed
1275 4438 1374 4490 the
1393 4433 1589 4505 jurists
1623 4435 1749 4489 love
1784 4435 1881 4489 the
1908 4435 2145 4505 conceit,
2173 4436 2295 4489 that
2322 4446 2380 4489 to
2405 4433 2501 4488 the
2528 4449 2702 4487 causa

398 4518 476 4587 by
503 4518 683 4575 which
710 4519 806 4575 the
845 4519 1118 4588 obligatio
1155 4518 1204 4573 is
1241 4517 1603 4588 engendered
1630 4517 1687 4572 in
1715 4519 1856 4574 each
1882 4518 1947 4572 of
1963 4520 2121 4574 them
2146 4517 2518 4588 respectively
2542 4517 2701 4571 there

399 4603 608 4658 should
656 4603 728 4658 be
778 4621 812 4658 a
860 4603 1168 4675 peculiarly
1217 4601 1663 4674 corresponding
1720 4601 1891 4657 mode
1942 4602 2006 4657 of
2048 4603 2302 4658 release:
2359 4599 2535 4655 ‘nihil
2583 4610 2701 4656 tam
