3230 5116
373 435 472 484 Tit.
495 429 566 497 ⁵-]
654 428 778 482 DE
825 426 1128 483 OBLJGA
1141 426 1434 484 TJONJB
1443 426 1544 483 css
1587 427 1821 499 QUAE
1866 427 2136 499 QUASI,
2183 428 2366 485 Ere.
2546 390 2675 505 525

1484 682 1567 751 V.

372 860 475 911 DE
516 860 1144 913 OBLIGATIONIBUS
1185 860 1391 924 QUAE
1433 860 1661 925 QUASI
1704 862 1801 913 EX
1842 864 2165 916 DELICTO
2196 864 2673 917 NASCUNTUR.

463 1014 536 1078 Si
581 1013 786 1077 iudex
817 1012 1004 1075 litem
1035 1032 1223 1075 suam
1254 1010 1498 1087 fecerit,
1531 1034 1664 1075 non
1712 1015 1972 1097 proprie
2014 1037 2101 1080 ex
2147 1016 2473 1082 maleficio
2504 1014 2674 1081 obli-

370 1126 566 1200 gatus
603 1118 883 1180 videtur.
959 1116 1075 1179 sed
1119 1115 1275 1196 quia
1316 1134 1530 1197 neque
1575 1138 1663 1179 ex
1710 1128 2050 1183 contractu
2091 1119 2424 1203 obligatus
2460 1131 2560 1185 est
2606 1130 2674 1183 et

373 1222 604 1303 utique
647 1239 955 1302 peccasse
999 1216 1248 1301 aliquid
1295 1218 1717 1303 intellegitur,
1763 1222 1915 1286 licet
1959 1243 2076 1305 per
2120 1224 2674 1306 imprudentiam:

373 1325 525 1388 ideo
555 1324 816 1388 videtur
844 1323 1032 1405 quasi
1063 1342 1152 1385 ex
1184 1322 1506 1386 maleficio
1547 1326 1772 1402 te'neri,
1804 1338 1871 1390 et
1920 1327 1986 1390 in
2024 1336 2345 1410 quantum
2379 1328 2463 1391 de
2495 1348 2574 1390 ea
2605 1348 2675 1390 re

373 1449 663 1512 aequum
688 1428 982 1509 religioni
1008 1426 1356 1491 iudicantis
1379 1427 1723 1503 videbitur,
1753 1450 2034 1512 poenam
2070 1431 2440 1495 sustinebit.
2498 1432 2672 1495 Item
2708 1433 2733 1486 1

375 1534 448 1610 is,
495 1554 584 1596 ex
629 1532 811 1596 cuius
855 1531 1172 1595 cenaculo
1214 1532 1320 1594 vel
1369 1533 1635 1614 proprio
1680 1534 1884 1617 ipsius
1922 1536 2027 1598 vel
2077 1537 2406 1600 conducto
2449 1533 2553 1599 vel
2608 1536 2673 1597 in

375 1659 510 1720 quo
562 1637 766 1719 gratis
812 1636 1161 1699 habitabat
1212 1636 1540 1700 deiectum
1594 1638 1957 1703 effusumve
2004 1640 2251 1723 aliquid
2300 1652 2418 1715 est,
2464 1640 2557 1703 ita
2602 1650 2676 1703 ut

375 1741 569 1805 alicui
599 1749 960 1814 noceretur,
983 1739 1171 1822 quasi
1204 1761 1292 1803 ex
1319 1740 1643 1804 maleficio
1675 1741 2007 1825 obligatus
2036 1740 2474 1825 intellegitur:
2523 1744 2673 1807 ideo

375 1854 600 1909 autem
655 1862 787 1906 non
837 1844 1098 1926 proprie
1146 1863 1234 1906 ex
1289 1843 1615 1908 maleficio
1670 1845 2002 1929 obligatus
2058 1846 2474 1929 intellegitur,
2521 1849 2676 1930 quia

375 1949 769 2033 plerumque
799 1949 887 2011 ob
919 1945 1186 2011 alterius
1217 1946 1482 2030 culpam
1513 1958 1774 2013 tenetur
1802 1960 1916 2015 aut
1946 1952 2115 2014 servi
2146 1961 2261 2015 aut
2292 1952 2499 2014 liberi.
2574 1952 2675 2014 cui

377 2051 609 2115 similis
642 2062 743 2116 est
773 2052 848 2126 is,
872 2050 985 2133 qui
1018 2072 1097 2113 ea
1128 2060 1336 2133 parte,
1362 2072 1493 2134 qua
1523 2053 1724 2135 vulgo
1754 2054 1881 2117 iter
1916 2054 2052 2117 fieri
2086 2053 2271 2132 solet,
2288 2054 2355 2117 id
2388 2055 2677 2136 positum

377 2166 496 2220 aut
526 2176 918 2238 suspensum
953 2152 1175 2229 habet,
1213 2156 1392 2238 quod
1433 2165 1673 2238 potest,
1721 2158 1776 2219 si
1818 2157 2140 2231 ceciderit,
2175 2157 2366 2221 alicui
2406 2177 2677 2221 nocere:

376 2280 511 2341 quo
554 2279 710 2324 casu
756 2279 969 2341 poena
1014 2259 1242 2322 decem
1289 2279 1637 2323 aureorum
1682 2261 2040 2325 constituta
2086 2268 2204 2325 est.
2280 2262 2365 2325 de
2409 2280 2490 2325 eo
2520 2281 2679 2324 vero

377 2364 558 2445 quod
589 2362 918 2426 deiectum
951 2362 1312 2425 effusumve
1344 2373 1444 2427 est
1490 2363 1674 2446 dupli
1707 2364 1936 2446 quanti
1976 2364 2294 2427 damnum
2327 2366 2560 2428 datum
2592 2365 2678 2428 sit

377 2467 736 2530 constituta
768 2476 867 2530 est
902 2466 1092 2529 acti0.
1167 2465 1254 2530 ob
1285 2464 1624 2533 hominem
1653 2488 1808 2530 vero
1849 2467 2127 2531 liberum
2166 2470 2454 2532 occisum
2486 2469 2677 2551 quin-

376 2572 696 2652 quaginta
753 2590 1100 2633 aureorum
1155 2591 1370 2651 poena
1430 2574 1886 2635 constituitur:
1952 2573 2005 2636 si
2059 2593 2214 2637 vero
2266 2574 2444 2636 vivet
2497 2575 2675 2638 noci-

377 2684 654 2757 tumque
700 2675 757 2737 ei
804 2695 946 2738 esse
988 2676 1259 2750 dicetur,
1291 2678 1744 2780 quantum-ob
1788 2697 1936 2740 eam
1980 2698 2117 2740 rem
2159 2698 2446 2760 aequum
2479 2678 2677 2742 iudici

451 2885 573 2936 mit.
596 2884 674 2935 V.
712 2881 900 2936 These
937 2879 1324 2951 quasi-delicts
1360 2897 1456 2934 are
1502 2880 1569 2933 of
1599 2890 1711 2934 two
1752 2879 1959 2947 kinds;
2001 2879 2079 2949 (1)
2106 2896 2267 2934 cases
2303 2880 2368 2934 of
2402 2881 2681 2936 vicarious

377 2964 814 3036 responsibility‚
853 2963 1112 3033 imposed
1147 2963 1224 3032 by
1261 2964 1358 3017 the
1395 2963 1500 3016 law
1537 2980 1691 3032 upon
1727 2979 1763 3016 a
1798 2981 1932 3017 man
1972 2962 2158 3032 ‘quod
2194 2980 2368 3032 opera
2401 2965 2679 3019 malorum

377 3047 674 3102 hominum
711 3047 915 3114 utitur,’
957 3063 1022 3100 or
1059 3046 1304 3100 because
1348 3043 1390 3100 it
1432 3062 1564 3114 may
1593 3045 1679 3099 'be
1722 3044 1955 3099 difficult
1999 3055 2059 3099 to
2098 3045 2379 3100 ascertain
2422 3048 2521 3102 the
2563 3049 2679 3102 real

380 3131 648 3199 offender,
680 3131 795 3185 and
835 3129 912 3200 (2)
949 3146 1168 3198 wrongs
1206 3126 1386 3181 which
1421 3129 1594 3182 result
1631 3127 1867 3197 directly
1890 3128 2036 3182 from
2063 3144 2098 3183 a
2122 3131 2301 3183 man's
2337 3147 2461 3184 own
2497 3131 2679 3200 culpa,

377 3216 479 3269 but
517 3214 701 3269 which
739 3214 814 3268 do
849 3223 949 3268 not
987 3229 1149 3267 come
1186 3212 1367 3265 under
1400 3211 1496 3266 the
1535 3211 1830 3266 definition
1867 3212 1933 3266 os
1960 3228 2073 3280 any
2098 3212 2163 3265 of
2191 3212 2287 3266 the
2324 3213 2449 3267 four
2478 3213 2680 3268 delicts

377 3314 600 3368 proper.
663 3297 788 3350 The
814 3295 1032 3350 actions
1056 3295 1134 3363 by
1154 3294 1336 3349 which
1363 3295 1498 3363 they
1518 3312 1614 3348 are
1640 3294 1939 3349 redressed
1963 3294 2137 3363 being
2159 3294 2475 3364 bilaterally
2493 3299 2680 3366 penal,

381 3391 582 3450 except
620 3380 865 3450 perhaps
903 3379 960 3433 in
998 3396 1107 3433 one
1145 3395 1293 3446 case,
1335 3378 1471 3445 they
1507 3378 1744 3447 partake
1781 3378 1848 3432 of
1878 3380 1974 3433 the
2014 3379 2305 3433 character
2340 3379 2407 3433 os
2435 3380 2679 3449 genuine

379 3463 579 3518 delicts
603 3482 618 3528 3
654 3480 690 3517 a
715 3473 981 3531 category
999 3462 1145 3515 from
1170 3460 1350 3514 which
1375 3461 1460 3528 (as
1491 3462 1596 3516 Mr.
1624 3463 1793 3515 Poste
1820 3460 2097 3528 remarks)
2121 3461 2256 3530 they
2280 3479 2377 3516 are
2402 3464 2679 3518 excluded

378 3546 713 3617 apparently
738 3546 871 3613 only
895 3545 1141 3599 because
1169 3545 1304 3613 they
1329 3544 1423 3598 fall
1449 3543 1630 3598 under
1656 3560 1730 3597 no
1764 3543 1977 3599 certain
2010 3554 2235 3614 statute,
2261 3563 2326 3600 or
2356 3563 2451 3602 are
2486 3558 2679 3603 recent

379 3629 669 3688 additions
697 3639 755 3684 to
781 3630 876 3684 the
903 3628 1064 3683 code.

450 3715 604 3767 That
628 3714 725 3767 the
750 3712 1179 3781 incompetence
1206 3711 1271 3764 of
1288 3727 1321 3764 a
1348 3727 1590 3779 surgeon
1618 3727 1733 3764 was
1758 3727 1795 3764 a
1819 3709 1987 3765 delict
2016 3710 2147 3779 (Tit.
2168 3726 2222 3780 3.
2250 3725 2281 3779 7
2309 3713 2500 3783 supr.),
2518 3714 2681 3770 while

378 3797 502 3851 that
529 3796 594 3850 of
621 3814 658 3850 a
687 3795 862 3865 judge
889 3813 1004 3849 was
1041 3805 1157 3864 not,
1184 3812 1300 3848 was
1337 3794 1447 3848 due
1486 3803 1545 3848 to
1581 3794 1679 3848 the
1705 3793 1960 3862 wording
1984 3794 2049 3848 os
2078 3795 2175 3849 the
2201 3795 2289 3850 lex
2314 3796 2560 3867 Aquilia,
2585 3799 2682 3852 the

379 3879 569 3934 action
607 3880 788 3933 under
821 3878 1006 3932 which
1043 3877 1142 3931 did
1179 3888 1278 3932 not
1315 3877 1388 3932 lie
1424 3887 1626 3946 except
1663 3877 1720 3931 in
1760 3895 1921 3932 cases
1959 3877 2025 3931 of
2054 3877 2295 3948 damage
2332 3889 2391 3933 to
2430 3881 2681 3950 tangible

381 3963 638 4032 objects:
679 3961 876 4016 ‘iudex
913 3971 1048 4014 tunc
1086 3960 1243 4015 litem
1281 3977 1444 4014 suam
1483 3960 1671 4014 facere
1708 3960 2065 4030 intellegitur,
2093 3977 2223 4014 cum
2262 3961 2393 4016 dolo
2430 3963 2583 4017 malo
2619 3963 2678 4017 in

376 4050 636 4104 fraudem
661 4049 802 4119 legis
835 4049 1177 4103 sententiam
1210 4047 1426 4103 dixerit.
1505 4049 1657 4102 Dolo
1682 4050 1834 4103 malo
1864 4059 2057 4104 autern
2082 4048 2305 4104 videtur
2340 4051 2451 4105 hoc
2476 4051 2679 4120 facere,

379 4132 427 4187 si
471 4131 704 4187 evidens
749 4142 1014 4200 arguatur
1057 4131 1178 4185 eius
1217 4132 1303 4185 vel
1345 4129 1528 4200 gratia
1567 4132 1656 4185 vel
1700 4131 1997 4186 inimicitia
2032 4133 2121 4186 vel
2158 4131 2332 4186 etiam
2370 4134 2583 4201 sordeS,
2620 4145 2681 4189 ut

378 4233 572 4270 veram
608 4214 1064 4270 aestimationem
1101 4214 1212 4268 litis
1249 4223 1536 4284 praestare
1574 4216 1838 4283 cogatur’
1876 4214 2009 4285 Dig.
2053 4227 2098 4284 5.
2144 4229 2187 4270 1.
2234 4228 2308 4283 15.
2353 4231 2398 4270 1.
2470 4217 2683 4272 Where

378 4299 468 4354 his
495 4299 712 4354 offence
738 4317 853 4354 was
881 4300 1013 4368 only
1037 4297 1417 4367 imprudentia
1441 4297 1484 4351 it
1509 4307 1660 4351 must
1686 4299 1832 4352 have
1860 4299 2007 4353 been
2042 4315 2199 4353 more
2233 4297 2434 4367 lightly
2459 4297 2681 4367 visited,

377 4384 477 4438 the
497 4382 672 4452 judge
697 4384 832 4437 here
857 4381 1068 4451 having
1093 4399 1129 4436 a
1163 4367 1467 4436 discretion
1495 4381 1538 4433 ‘.
1565 4420 1578 4434 .
1607 4420 1623 4435 .
1650 4421 1664 4435 .
1690 4391 1965 4450 quantum
1989 4397 2233 4452 aequum
2260 4379 2515 4450 religioni
2542 4381 2683 4435 iudi-

377 4465 562 4520 cantis
587 4464 902 4521 videbitur!

455 4545 482 4619 ξ
505 4551 554 4606 1.
581 4547 596 4577 ‘
617 4549 852 4604 Praetor
865 4546 945 4603 ait
970 4549 1042 4603 de
1067 4547 1172 4618 his,
1192 4547 1284 4619 qui
1307 4545 1614 4603 deiecerint
1633 4548 1721 4602 vel
1741 4546 2056 4618 effuderint,
2082 4548 2233 4602 unde
2254 4545 2311 4600 in
2339 4563 2467 4602 eum
2495 4548 2681 4600 locum
