3230 5116
327 433 428 481 Tit.
461 422 559 493 17.]
864 416 872 423 ’
1039 420 1162 475 DE
1209 418 1542 475 OFFICIO
1585 417 1927 473 IUDICIS.
2502 406 2629 493 603

328 590 655 665 iudicavit,
676 586 1017 653 absolvere
1041 586 1242 650 debet
1265 604 1731 669 possessorem,
1754 584 1891 649 sive
1915 594 2144 649 contra
2168 602 2630 666 possessorem,

328 694 555 757 iubere
585 713 738 757 eum
770 692 989 770 debet,
1027 699 1100 754 ut
1143 710 1282 753 rem
1313 690 1526 771 ipsam
1557 690 1865 753 restituat
1896 709 2047 751 cum
2086 690 2421 753 fructibus.
2508 686 2628 749 sed

327 798 384 861 si
439 799 504 860 in
558 797 888 880 praesenti
941 802 1140 875 neget
1192 814 1264 857 se
1316 813 1654 876 possessor
1707 793 2050 856 restituere
2102 812 2295 876 posse
2355 801 2423 856 et
2486 792 2629 854 sine

329 902 750 964 frustratione
791 899 1118 963 videbitur
1160 908 1424 980 tempus
1470 897 1857 961 restituendi
1902 916 2099 960 causa
2138 905 2381 979 petere,
2414 892 2627 957 indul·

327 1006 619 1087 gendum
669 1014 770 1069 est
824 1004 900 1081 ei,
955 1012 1027 1066 ut
1085 1011 1310 1065 tamen
1359 1001 1444 1064 de
1495 999 1632 1064 litis
1686 1000 2145 1064 aestimatione
2197 1008 2427 1064 caveat
2479 1018 2629 1063 cum

327 1108 724 1185 fideiussore,
755 1108 812 1172 si
844 1108 1012 1171 intra
1044 1116 1308 1188 tempus
1337 1105 1517 1187 quod
1552 1105 1610 1168 ei
1645 1106 1877 1169 datum
1916 1114 2018 1168 est
2056 1123 2187 1168 non
2220 1105 2629 1167 restituisset.

331 1221 400 1277 et
447 1214 502 1276 si
556 1212 887 1276 hereditas
941 1212 1149 1293 petita
1205 1208 1309 1284 sit,
1361 1209 1595 1272 eadem
1646 1210 1815 1272 circa
1867 1210 2114 1274 fructus
2174 1208 2629 1284 interveniunt,

328 1335 499 1399 quae
559 1316 852 1379 diximus
909 1313 1303 1378 intervenire
1372 1313 1438 1376 in
1512 1312 1923 1395 singularum
1998 1332 2215 1376 rerum
2286 1306 2628 1393 petitione.

329 1419 586 1483 illorum
637 1428 863 1483 autem
903 1418 1252 1494 fructuum,
1301 1436 1468 1500 quos
1523 1417 1715 1499 culpa
1759 1436 1878 1480 sua
1922 1436 2261 1499 possessor
2304 1436 2437 1479 non
2483 1433 2629 1497 per-

329 1524 597 1606 ceperit,
642 1523 708 1586 in
757 1534 1037 1605 utraque
1081 1522 1342 1587 actione
1387 1521 1624 1585 eadem
1676 1522 1842 1585 ratio
1886 1541 2099 1605 paene
2142 1520 2237 1597 fit,
2282 1519 2337 1582 si
2384 1519 2630 1601 praedo

329 1626 543 1691 suerit.
632 1627 687 1689 si
730 1647 888 1691 vero
933 1627 1110 1690 bona
1153 1625 1287 1690 fide
1331 1645 1674 1708 possessor
1714 1624 1926 1701 fuerit,
1968 1645 2098 1688 non
2146 1622 2428 1687 habetur
2464 1622 2631 1687 ratio

330 1740 871 1814 consumptorum
952 1750 1167 1813 neque
1247 1750 1379 1793 non
1448 1740 1955 1811 perceptorum:
2030 1738 2182 1811 post
2252 1726 2630 1791 inchoatam

329 1844 554 1899 autem
628 1834 1018 1916 petitionem
1079 1834 1280 1897 etiam
1342 1831 1601 1896 illorum
1676 1834 1843 1896 ratio
1911 1831 2205 1909 habetur,
2264 1832 2378 1913 qui
2438 1829 2631 1914 culpa

331 1939 727 2021 possessoris
779 1938 1070 2021 percepti
1125 1957 1256 2000 non
1318 1946 1474 2001 sunt
1523 1936 1631 1999 vel
1684 1938 1977 2020 percepti
2031 1935 2402 2017 consumpti
2454 1943 2629 1998 sunt.

333 2040 406 2105 Si
450 2042 537 2105 ad
576 2042 1029 2106 exhibendum
1071 2052 1293 2106 actum
1333 2040 1546 2115 fuerit,
1582 2061 1714 2104 non
1752 2040 2007 2117 sufficit,
2040 2041 2093 2103 si
2136 2037 2450 2101 exhibeat
2490 2056 2629 2100 rem
2658 2050 2692 2105 3

331 2144 388 2207 is
441 2165 592 2209 cum
645 2166 780 2229 quo
831 2153 1055 2210 actum
1105 2154 1222 2225 est,
1274 2145 1393 2208 sed
1446 2165 1613 2227 opus
1666 2154 1785 2223 est,
1843 2154 1916 2209 ut
1970 2144 2171 2207 etiam
2223 2161 2490 2206 causam
2540 2142 2630 2205 rei

329 2250 573 2313 debeat
619 2249 952 2329 exhibere,
998 2250 1064 2312 id
1112 2258 1214 2313 est
1263 2257 1337 2314 ut
1386 2264 1534 2313 eam
1582 2268 1849 2313 causam
1898 2246 2139 2312 habeat
2185 2255 2385 2321 actor,
2428 2264 2629 2327 quam

327 2352 672 2417 habiturus
744 2363 935 2430 esset,
995 2352 1068 2424 si,
1133 2372 1285 2417 cum
1346 2353 1633 2436 primum
1701 2353 1787 2416 ad
1858 2351 2308 2416 exhibendum
2371 2350 2633 2431 egisset,

331 2455 632 2521 exhibita
677 2478 780 2521 res
823 2456 1090 2521 fuisset:
1135 2457 1417 2538 ideoque
1463 2458 1516 2519 si
1564 2458 1736 2521 inter
1782 2476 1998 2520 moras
2040 2463 2357 2537 usucapta
2402 2455 2487 2517 sit
2529 2472 2632 2515 res

329 2581 370 2624 a
411 2582 803 2645 possessore,
836 2562 1040 2627 nihilo
1077 2563 1292 2626 minus
1330 2563 1826 2626 condemnatur.
1914 2570 2257 2644 praeterea
2297 2557 2629 2623 fructuum

333 2666 532 2728 medii
584 2667 921 2749 temporiS‚
978 2667 1045 2730 id
1098 2675 1200 2730 est
1253 2667 1412 2741 eiuS,
1461 2667 1637 2748 quod
1693 2675 1844 2748 post
1896 2675 2242 2748 acceptum
2302 2663 2387 2726 ad
2442 2660 2629 2724 exhi-

329 2769 623 2832 bendum
676 2770 990 2832 iudicium
1043 2779 1198 2832 ante
1252 2791 1389 2833 rem
1445 2770 1803 2833 iudicatam
1865 2769 2251 2842 intercessit,
2306 2767 2627 2830 rationem

330 2871 576 2936 habere
635 2873 835 2936 debet
895 2872 1117 2936 iudex.
1231 2874 1410 2956 quod
1464 2874 1518 2935 si
1579 2871 1777 2954 neget
1838 2873 1910 2947 is,
1966 2892 2116 2935 cum
2179 2889 2310 2952 quo
2369 2869 2456 2932 ad
2512 2889 2629 2930 ex-

331 2974 696 3040 hibendum
727 2986 948 3040 actum
985 2985 1100 3051 est,
1127 2976 1192 3038 in
1225 2977 1554 3057 praesenti
1589 2976 1905 3039 exhibere
1936 2995 2008 3038 se
2039 2995 2233 3056 posse
2264 2981 2332 3036 et
2363 2980 2629 3052 tempus

333 3078 693 3144 exhibendi
725 3101 925 3144 causa
956 3089 1144 3162 petat
1187 3081 1386 3161 idque
1417 3081 1558 3143 sine
1589 3079 2009 3142 frustratione
2040 3075 2375 3161 postulare
2405 3075 2629 3138 videa-

331 3192 456 3258 tur,
500 3185 642 3247 dari
687 3185 748 3246 ei
790 3184 1007 3261 debet,
1050 3191 1122 3246 ut
1159 3190 1384 3246 tamen
1426 3192 1657 3247 caveat
1702 3203 1773 3246 se
1821 3183 2310 3245 restituturum:
2354 3177 2534 3260 quod
2574 3177 2629 3239 si

334 3308 545 3370 neque
593 3289 819 3352 statim
871 3287 1047 3350 iussu
1103 3287 1332 3351 iudicis
1381 3307 1520 3350 rem
1571 3285 1887 3350 exhibeat
1942 3305 2157 3368 neque
2218 3293 2450 3366 postea
2512 3301 2630 3344 ex-

330 3558 418 3613 his
460 3558 806 3630 application
851 3559 1036 3613 would
1079 3569 1177 3613 not
1220 3558 1294 3613 be
1332 3568 1432 3628 put
1477 3558 1644 3612 down
1688 3567 1748 3612 to
1791 3555 2094 3625 frustrati0,
2134 3556 2267 3625 only
2310 3554 2495 3610 where
2532 3554 2630 3609 the

329 3643 582 3698 obstacle
607 3661 722 3697 was
748 3644 985 3710 natural,
1013 3641 1229 3713 ‘neque
1265 3652 1487 3696 tantum
1524 3642 1582 3696 in
1613 3640 1791 3711 ipsius
1818 3639 2088 3696 debitoris
2123 3655 2367 3710 persona
2392 3638 2629 3693 facultas

329 3726 504 3781 dandi
545 3727 738 3796 deest‚’
777 3728 842 3783 cf.
874 3727 1006 3796 Dig.
1033 3739 1119 3796 45.
1151 3741 1192 3780 1.
1223 3738 1306 3794 73.
1335 3743 1418 3796 pr.
1457 3725 1772 3779 ‘interdum
1810 3741 1952 3795 pura
1988 3723 2274 3794 stipulatio
2304 3741 2371 3778 ex
2406 3739 2467 3776 re
2506 3721 2631 3792 ipsa

331 3809 660 3865 dilationem
697 3811 866 3881 capit,
893 3809 1063 3866 veluti
1107 3810 1155 3864 si
1201 3810 1260 3864 id
1299 3809 1452 3881 quod
1496 3809 1553 3864 in
1592 3819 1753 3864 utero
1789 3807 1862 3862 sit
1899 3817 1995 3862 aut
2032 3808 2243 3862 fructus
2280 3806 2495 3860 futuros
2533 3815 2629 3860 aut

331 3891 562 3948 domum
613 3893 899 3948 aedificari
937 3893 1235 3964 stipulatus
1273 3893 1379 3962 sit,’
1418 3893 1488 3947 ib.
1527 3905 1643 3961 137.
1669 3907 1703 3959 4
1743 3891 1877 3946 ‘sed
1916 3893 2057 3945 haec
2094 3890 2367 3944 recedunt
2410 3889 2484 3942 ab
2527 3887 2628 3942 im-

331 3976 660 4045 pedimento
685 3977 924 4031 naturali
950 3988 1005 4032 et
1031 3977 1336 4047 respiciunt
1363 3977 1438 4031 ad
1464 3974 1986 4032 facultatemdandi
2013 3993 2025 4029 :
2063 3985 2149 4028 est
2174 3983 2367 4028 autem
2390 3973 2629 4026 facultas

331 4075 607 4130 personae
634 4060 998 4113 commodum
1023 4059 1575 4131 incommodumque‚
1603 4077 1717 4115 non
1742 4076 1929 4114 rerum
1954 4075 2101 4129 quae
2126 4055 2559 4127 promittuntur.’

403 4144 520 4198 For
560 4143 658 4197 the
696 4141 997 4197 difference
1036 4143 1291 4198 between
1335 4160 1370 4197 a
1408 4144 1562 4198 bona
1605 4143 1718 4198 fide
1758 4144 1872 4197 and
1912 4159 1947 4196 a
1986 4141 2139 4196 mala
2180 4139 2291 4194 fide
2334 4155 2631 4208 possessor

332 4224 590 4298 (praedo)
619 4225 676 4280 in
710 4236 930 4296 respect
961 4225 1027 4279 os
1051 4224 1289 4294 liability
1313 4226 1400 4280 sor
1422 4226 1635 4280 fructus
1670 4243 1765 4281 see
1792 4243 1865 4280 on
1894 4224 1997 4278 Bk.
2026 4223 2083 4278 ii.
2116 4238 2156 4278 1.
2186 4234 2251 4291 35
2280 4238 2431 4292 supr.
2504 4221 2629 4274 The

328 4311 582 4364 former’s
607 4310 818 4364 mental
845 4307 1086 4364 attitude
1113 4327 1225 4364 was
1249 4309 1326 4377 by
1351 4327 1389 4363 a
1413 4308 1604 4363 fiction
1639 4308 2003 4380 represented
2033 4325 2097 4362 as
2132 4305 2344 4375 having
2368 4304 2629 4374 changed

329 4403 388 4450 at
413 4392 526 4448 litis
552 4393 925 4448 contestatio:
971 4392 1188 4447 ‘bonae
1223 4392 1352 4446 fidei
1379 4409 1676 4463 possessor
1699 4403 1903 4463 postea
1937 4391 1991 4460 (i.
2011 4409 2060 4447 e.
2084 4389 2262 4461 petita
2288 4386 2625 4456 hereditate)

329 4488 385 4533 et
411 4476 533 4548 ipse
558 4478 773 4547 praedo
797 4486 883 4532 est
900 4479 913 4504 ’
940 4475 1074 4546 Dig.
1104 4489 1148 4544 5.
1179 4491 1230 4544 3.
1258 4492 1340 4531 20.
1376 4491 1416 4531 1.
1989 4545 1997 4554 .

400 4559 428 4632 ξ
457 4563 511 4617 8.
553 4562 668 4615 For
692 4561 788 4616 the
812 4569 1012 4615 nature
1037 4559 1102 4614 of
1124 4559 1222 4615 the
1246 4559 1396 4615 actio
1430 4560 1506 4615 ad
1531 4559 1913 4616 exhibendum
1938 4575 2037 4614 see
2061 4575 2136 4612 on
2163 4556 2276 4612 Tit,
2301 4555 2352 4611 6.
2381 4570 2443 4624 31
2476 4571 2627 4624 supr.
