3230 5116
362 418 561 485 Tit.1.]
1040 418 1163 474 DE
1203 416 1509 473 RERUM
1544 416 1645 471 D]
1653 416 2008 474 VISIONE.
2547 428 2570 471 1
2585 427 2663 494 91

454 582 806 647 Praeterea
863 584 1043 667 quod
1098 603 1219 665 per
1264 582 1664 646 alluvionem
1715 602 1877 665 agro
1930 591 2048 646 tuo
2097 581 2344 647 flumen
2405 584 2663 660 adiecit,
2693 600 2766 656 20

363 686 503 752 iure
531 688 833 770 gentium
875 687 997 751 tibi
1042 687 1428 769 adquiritur.
1492 696 1593 751 est
1631 696 1856 751 autem
1901 686 2145 751 alluvio
2190 690 2666 753 incrementum

362 790 597 856 latens.
659 811 779 873 per
806 790 1203 855 alluvionem
1234 801 1460 855 autern
1492 792 1560 855 id
1591 791 1853 855 videtur
1882 790 2068 869 adici,
2100 791 2281 873 quod
2312 792 2406 857 ita
2437 792 2667 875 paula-

362 895 485 959 tim
528 895 825 971 adicitur,
869 904 943 958 ut
981 894 1361 979 intellegere
1402 915 1534 958 non
1575 896 1810 977 possiS,
1850 902 2175 978 quantum
2216 916 2487 978 quoquo
2526 916 2667 959 mo-

366 1008 593 1063 mento
624 1000 941 1082 temporis
972 999 1311 1064 adiciatur.
1374 998 1634 1082 Quodsi
1655 1000 1756 1063 vis
1782 998 2068 1064 fluminis
2089 1010 2345 1081 partem
2375 1000 2667 1083 aliquam
2695 1008 2762 1064 21

366 1123 457 1167 ex
506 1112 626 1167 tuo
670 1104 943 1186 praedio
991 1104 1357 1168 detraxerit
1402 1114 1469 1169 et
1510 1103 1706 1167 vicini
1745 1104 2018 1186 praedio
2056 1104 2403 1188 appulerit,
2446 1105 2669 1188 palam

368 1215 470 1269 est
524 1228 672 1271 eam
721 1218 908 1271 tuam
956 1227 1365 1291 permanere.
1429 1207 1629 1290 plane
1673 1208 1728 1271 si
1778 1207 2076 1290 longiore
2123 1218 2422 1291 tempore
2465 1208 2672 1273 fundo

365 1310 561 1374 vicini
590 1310 877 1375 haeserit
900 1313 1318 1394 arboresque,
1346 1332 1510 1394 quas
1540 1332 1766 1375 secum
1799 1314 2093 1391 traxerit,
2117 1313 2184 1376 in
2217 1334 2369 1377 eum
2393 1313 2671 1376 fundum

368 1415 622 1479 radices
653 1414 925 1496 egerint,
949 1436 1037 1479 ex
1068 1437 1148 1480 eo
1178 1424 1479 1498 tempore
1500 1415 1812 1480 videntur
1838 1418 2032 1480 vicini
2063 1414 2270 1482 fundo
2301 1417 2673 1499 adquisitae

369 1539 534 1583 esse.
625 1518 867 1597 Insula,
897 1540 1070 1601 quae
1113 1520 1178 1583 in
1222 1520 1385 1584 mari
1426 1528 1582 1584 nata
1625 1529 1743 1599 est,
1786 1522 1966 1603 quod
2007 1543 2151 1585 raro
2189 1522 2445 1599 accidit,
2478 1542 2670 1586 occu·
2698 1528 2770 1584 22

367 1623 589 1705 pantis
618 1621 725 1686 fit:
775 1622 1017 1686 nullius
1041 1624 1217 1687 enim
1251 1644 1395 1688 esse
1426 1624 1732 1687 creditur.
1793 1633 1865 1688 at
1895 1625 1960 1687 in
1992 1623 2262 1689 flumine
2293 1634 2466 1702 nata,
2491 1626 2671 1708 quod

367 1725 748 1808 frequenter
790 1726 1046 1805 accidit,
1077 1729 1133 1790 si
1168 1728 1438 1809 quidem
1482 1728 1772 1791 mediam
1818 1738 2075 1812 partem
2106 1727 2392 1793 fluminis
2429 1738 2672 1805 teneat,

369 1832 741 1895 communis
795 1839 895 1894 est
948 1852 1195 1907 eorum,
1248 1832 1363 1914 qui
1416 1831 1503 1895 ab
1554 1841 1835 1914 utraque
1886 1842 2078 1915 parte
2125 1832 2415 1897 fluminis
2467 1853 2675 1916 prope

370 1934 582 2015 ripam
614 1934 883 2015 praedia
912 1936 1273 2017 possident,
1306 1956 1425 2018 pro
1474 1936 1679 2000 modo
1723 1936 2090 2001 latitudinis
2122 1937 2439 2019 cuiusque
2469 1936 2672 2011 fundi,

371 2056 543 2119 quae
588 2036 870 2102 latitudo
916 2059 1125 2121 prope
1170 2038 1380 2123 ripam
1428 2040 1533 2103 sit.
1604 2039 1840 2121 quodsi
1886 2039 2076 2103 alteri
2110 2040 2280 2122 parti
2310 2039 2680 2122 proximior

373 2139 477 2215 sit,
511 2161 735 2205 eorum
769 2150 869 2206 est
899 2152 1179 2221 tantum,
1211 2144 1366 2226 quia
1409 2143 1496 2207 ab
1543 2164 1623 2207 ea
1668 2153 1857 2226 parte
1901 2163 2108 2227 prope
2153 2144 2364 2225 ripam
2407 2143 2678 2225 praedia

374 2245 734 2327 possident.
825 2248 1063 2328 quodsi
1107 2247 1334 2329 aliqua
1378 2255 1569 2329 parte
1614 2248 1899 2311 divisum
1944 2246 2210 2325 flumen,
2241 2246 2482 2311 deinde
2512 2245 2678 2309 infra

376 2350 637 2412 unitum
684 2370 916 2433 agrum
962 2351 1237 2415 alicuius
1284 2353 1350 2415 in
1396 2351 1681 2415 formam
1719 2350 1971 2414 insulae
2003 2351 2345 2434 redegerit,
2379 2350 2674 2415 eiusdem

376 2432 721 2535 permanet
763 2454 818 2519 is
861 2474 1033 2537 ager,
1069 2455 1253 2519 cuius
1295 2465 1363 2521 et
1412 2455 1644 2520 fuerat.
1745 2455 2004 2539 Quodsi
2047 2455 2330 2520 naturali
2375 2455 2565 2520 alveo
2609 2456 2674 2517 in
2703 2467 2773 2522 23

379 2558 754 2622 universum
800 2560 1115 2624 derelicto
1160 2561 1291 2625 alia
1336 2571 1527 2644 parte
1570 2560 1776 2625 fluere
1827 2564 2135 2644 coeperit,
2184 2564 2361 2644 prior
2405 2560 2677 2644 quidem

376 2663 603 2727 alveus
634 2683 860 2727 eorum
892 2673 1016 2741 est,
1050 2667 1161 2747 qui
1193 2685 1403 2748 prope
1435 2666 1646 2748 ripam
1684 2665 1824 2729 eius
1863 2668 2135 2749 praedia
2165 2666 2528 2748 possident,
2559 2685 2680 2747 pro

380 2768 584 2831 modo
640 2768 890 2832 scilicet
937 2768 1306 2833 latitudinis
1352 2771 1667 2852 cuiusque
1713 2773 1873 2852 agri,
1918 2791 2090 2853 quae
2139 2770 2422 2835 latitudo
2474 2789 2683 2851 prope

380 2873 591 2954 ripam
625 2873 729 2946 sit,
766 2893 973 2936 novus
1005 2882 1229 2938 autem
1262 2873 1491 2938 alveus
1533 2874 1674 2938 eius
1719 2875 1876 2937 iuris
1919 2895 2063 2938 esse
2104 2875 2353 2955 incipit,
2386 2875 2570 2937 cuius
2616 2881 2684 2936 et

381 2975 597 3056 ipsum
628 2974 892 3054 flumen,
922 2978 988 3040 id
1022 2985 1123 3041 est
1156 2976 1478 3059 publicus.
1539 2979 1779 3060 quodsi
1812 2986 1964 3059 post
1994 2976 2264 3060 aliquod
2297 2986 2562 3058 tempus
2597 2977 2682 3039 ad

381 3080 663 3161 priorem
712 3079 975 3144 alveum
1024 3100 1356 3145 reversum
1403 3081 1598 3146 fuerit
1645 3081 1910 3160 flumen,
1953 3101 2175 3146 rursus
2221 3101 2428 3144 novus
2459 3078 2685 3142 alveus

382 3203 610 3246 eorum
651 3203 795 3249 esse
842 3185 1088 3268 incipit,
1138 3187 1251 3269 qui
1306 3207 1515 3270 prope
1563 3188 1776 3270 ripam
1825 3187 1964 3250 eius
2008 3186 2276 3268 praedia
2321 3184 2685 3266 possident.

382 3285 546 3351 Alia
603 3307 763 3352 sane
823 3309 1021 3353 causa
1082 3300 1206 3366 est,
1263 3291 1316 3354 si
1372 3293 1556 3355 cuius
1617 3300 1800 3356 totus
1852 3310 2012 3373 ager
2062 3288 2420 3353 inundatus
2472 3285 2686 3350 fuerit.
2713 3293 2784 3348 24

383 3556 566 3612 cessio
613 3575 801 3614 rerum
845 3559 1157 3614 alienarum
1201 3558 1273 3628 (e)
1326 3559 1634 3631 adjuncti0,
1684 3559 1869 3614 which
1919 3558 2230 3631 comprises
2289 3557 2689 3630 inaedificatiO,

387 3637 450 3711 ἑξ
478 3656 564 3711 29,
582 3655 669 3709 30,
693 3642 971 3713 plantatio
996 3645 1109 3698 and
1136 3643 1299 3713 satie,
1323 3642 1387 3715 ἐξ
1412 3659 1496 3713 31,
1519 3659 1603 3714 32,
1625 3644 1739 3698 and
1759 3643 2052 3699 accession
2078 3644 2144 3698 of
2161 3643 2383 3712 writing
2405 3654 2464 3699 to
2490 3645 2690 3714 parch-

382 3735 557 3794 ment,
585 3727 614 3792 §
643 3741 712 3795 33
740 3726 829 3795 (cf.
859 3729 888 3794 §
918 3725 1027 3795 26),
1054 3727 1169 3782 and
1206 3728 1272 3782 of
1300 3727 1587 3799 paintings
1620 3737 1682 3782 to
1715 3728 1813 3783 the
1851 3744 2078 3797 canvaS,
2107 3725 2135 3798 §
2164 3741 2272 3795 343
2310 3727 2407 3799 (f)
2435 3727 2692 3783 confusio

384 3807 500 3862 and
526 3809 871 3877 commixtiO,
900 3808 964 3881 §§
994 3824 1060 3878 27
1087 3811 1201 3865 and
1229 3811 1314 3867 28.

456 3892 485 3958 §
514 3894 611 3946 22.
649 3894 741 3947 An
780 3892 966 3948 island
1002 3894 1221 3948 formed
1260 3893 1317 3948 in
1344 3911 1380 3949 a
1407 3894 1557 3950 river
1587 3894 1636 3949 is
1675 3893 1944 3965 acquired
1980 3895 2059 3964 by
2082 3893 2336 3950 accessio
2370 3895 2504 3963 only
2529 3895 2691 3948 when

385 3975 482 4029 the
507 3975 717 4030 flumen
742 3976 791 4030 is
817 3977 1105 4047 publicum
1134 3977 1292 4046 (note
1317 3995 1391 4032 on
1418 3979 1447 4046 §
1472 3993 1503 4032 2
1525 3977 1702 4048 supr.)
1729 3997 1740 4033 :
1780 3977 1829 4032 if
1845 3979 1941 4033 the
1967 3987 2178 4034 stream
2204 3977 2252 4032 is
2279 3987 2377 4032 not
2403 3977 2692 4048 publicum

387 4057 460 4113 its
484 4058 599 4114 bed
624 4059 857 4128 already
878 4061 1119 4131 belongs
1151 4069 1213 4114 to
1245 4061 1343 4116 the
1376 4061 1624 4132 riparian
1656 4079 1892 4119 owners.
1964 4063 2090 4116 The
2117 4063 2238 4117 rule
2276 4062 2362 4116 sor
2391 4060 2696 4117 determin-

386 4141 484 4210 ing
525 4143 621 4196 the
662 4143 981 4214 ownership
1024 4144 1091 4198 of
1126 4143 1310 4199 insula
1352 4155 1488 4199 nata
1531 4145 1579 4199 is
1625 4144 1961 4215 incorrectly
1997 4145 2184 4200 stated
2221 4144 2278 4199 in
2313 4145 2410 4200 the
2447 4154 2600 4200 text:
2652 4143 2694 4198 it

384 4223 669 4295 belonged
706 4224 1049 4296 exclusively
1072 4237 1132 4281 to
1169 4228 1265 4282 the
1300 4226 1546 4297 riparian
1574 4245 1765 4282 owner
1795 4246 1861 4282 or
1894 4245 2111 4282 owners
2145 4245 2221 4282 on
2256 4245 2364 4283 one
2403 4226 2526 4283 side
2563 4226 2697 4296 only

387 4309 549 4362 when
575 4326 612 4362 a
634 4307 749 4364 line
782 4308 975 4365 drawn
1010 4311 1176 4365 down
1206 4311 1304 4365 the
1338 4320 1532 4366 centre
1566 4312 1634 4364 of
1663 4311 1761 4366 the
1796 4311 2083 4367 river-bed
2107 4312 2294 4366 would
2331 4328 2465 4382 pass
2492 4311 2697 4379 wholly

386 4401 447 4446 to
473 4393 569 4446 the
600 4391 747 4462 right
783 4411 848 4448 or
881 4394 978 4449 left
1004 4393 1070 4448 of
1090 4393 1148 4449 it.
1228 4394 1286 4448 If
1312 4396 1452 4449 such
1480 4412 1515 4449 a
1538 4394 1652 4450 line
1690 4408 1784 4450 cut
1820 4394 1862 4451 it
1900 4407 1958 4452 at
1989 4396 2080 4465 all,
2105 4396 2202 4450 the
2240 4394 2556 4464 ownership
2582 4409 2696 4446 was

388 4473 621 4530 divided
649 4475 817 4545 (‘non
842 4493 947 4548 pro
974 4476 1234 4547 indivisO,
1260 4477 1361 4532 sed
1386 4477 1712 4548 regionibus
1748 4495 1975 4550 quoque
2001 4477 2226 4534 divisis’
2253 4477 2382 4548 Dig.
2410 4492 2498 4546 41.
2530 4490 2576 4531 1.
2604 4473 2695 4544 29)

388 4573 531 4614 even
557 4559 773 4630 though
799 4558 841 4615 it
867 4577 982 4617 was
1007 4559 1095 4616 far
1117 4560 1263 4616 from
1288 4561 1384 4618 the
1410 4572 1571 4617 exact
1596 4560 1830 4617 middle.
1949 4587 1978 4610 ο
