<?xml version="1.0" encoding="UTF-8"?>
<!DOCTYPE html PUBLIC "-//W3C//DTD XHTML 1.0 Transitional//EN"
    "http://www.w3.org/TR/xhtml1/DTD/xhtml1-transitional.dtd">
<html xmlns="http://www.w3.org/1999/xhtml" xml:lang="en" lang="en">
 <head>
  <title>
</title>
<meta http-equiv="Content-Type" content="text/html;charset=utf-8" />
  <meta name='ocr-system' content='tesseract 3.04.00' />
  <meta name='ocr-capabilities' content='ocr_page ocr_carea ocr_par ocr_line ocrx_word'/>
</head>
<body>
  <div class='ocr_page' id='page_1' title='image "./imperatorislust01unkngoog_0416.png"; bbox 0 0 3230 5116; ppageno 0'>
   <div class='ocr_carea' id='block_1_1' title="bbox 580 385 2890 460">
    <p class='ocr_par' dir='ltr' id='par_1_1' title="bbox 580 385 2890 460">
     <span class='ocr_line' id='line_1_1' title="bbox 580 385 2890 460; baseline -0.002 -15"><span class='ocrx_word' id='word_1_1' title='bbox 580 399 713 460; x_wconf 89' lang='lat'>404</span> <span class='ocrx_word' id='word_1_2' title='bbox 986 386 1690 443; x_wconf 78' lang='lat' dir='ltr'><em>JNSTJTUYJONUM</em></span> <span class='ocrx_word' id='word_1_3' title='bbox 1723 385 1965 441; x_wconf 80' lang='lat' dir='ltr'><em>LIBRI</em></span> <span class='ocrx_word' id='word_1_4' title='bbox 2001 386 2168 457; x_wconf 81' lang='lat' dir='ltr'>QUA</span> <span class='ocrx_word' id='word_1_5' title='bbox 2179 385 2472 444; x_wconf 84' lang='lat' dir='ltr'><em>TTUOR.</em></span> <span class='ocrx_word' id='word_1_6' title='bbox 2645 386 2775 453; x_wconf 68' lang='lat' dir='ltr'>[ub.</span> <span class='ocrx_word' id='word_1_7' title='bbox 2797 392 2890 441; x_wconf 79' lang='grc' dir='ltr'><strong>ιιι.</strong></span> 
     </span>
    </p>
   </div>
   <div class='ocr_carea' id='block_1_2' title="bbox 478 551 2888 3131">
    <p class='ocr_par' dir='ltr' id='par_1_2' title="bbox 478 551 2888 3131">
     <span class='ocr_line' id='line_1_2' title="bbox 582 551 2888 638; baseline -0.002 -19"><span class='ocrx_word' id='word_1_8' title='bbox 582 554 1099 638; x_wconf 83' lang='lat' dir='ltr'>obligationibus</span> <span class='ocrx_word' id='word_1_9' title='bbox 1148 552 1487 628; x_wconf 87' lang='lat' dir='ltr'>adiciatur,</span> <span class='ocrx_word' id='word_1_10' title='bbox 1548 551 1712 615; x_wconf 92' lang='lat' dir='ltr'>nihil</span> <span class='ocrx_word' id='word_1_11' title='bbox 1762 551 1944 617; x_wconf 90' lang='lat' dir='ltr'>valet</span> <span class='ocrx_word' id='word_1_12' title='bbox 1995 551 2354 635; x_wconf 77' lang='lat' dir='ltr'>stipulatio·</span> <span class='ocrx_word' id='word_1_13' title='bbox 2459 551 2888 635; x_wconf 84' lang='lat' dir='ltr'>impossibilis</span> 
     </span>
     <span class='ocr_line' id='line_1_3' title="bbox 583 656 2888 739; baseline -0.001 -16"><span class='ocrx_word' id='word_1_14' title='bbox 583 670 807 724; x_wconf 89' lang='lat' dir='ltr'>autem</span> <span class='ocrx_word' id='word_1_15' title='bbox 867 658 1167 724; x_wconf 90' lang='lat' dir='ltr'>condicio</span> <span class='ocrx_word' id='word_1_16' title='bbox 1224 656 1526 731; x_wconf 88' lang='lat' dir='ltr'>habetur,</span> <span class='ocrx_word' id='word_1_17' title='bbox 1580 656 1684 720; x_wconf 91' lang='lat' dir='ltr'>cui</span> <span class='ocrx_word' id='word_1_18' title='bbox 1747 666 1981 721; x_wconf 90' lang='lat' dir='ltr'>natura</span> <span class='ocrx_word' id='word_1_19' title='bbox 2032 656 2512 739; x_wconf 90' lang='lat' dir='ltr'>impedimento</span> <span class='ocrx_word' id='word_1_20' title='bbox 2573 666 2691 736; x_wconf 87' lang='lat' dir='ltr'>est,</span> <span class='ocrx_word' id='word_1_21' title='bbox 2751 677 2888 739; x_wconf 90' lang='lat' dir='ltr'>quo</span> 
     </span>
     <span class='ocr_line' id='line_1_4' title="bbox 584 759 2885 845; baseline -0.002 -17"><span class='ocrx_word' id='word_1_22' title='bbox 584 767 801 829; x_wconf 88' lang='lat' dir='ltr'>minus</span> <span class='ocrx_word' id='word_1_23' title='bbox 849 763 1115 839; x_wconf 86' lang='lat' dir='ltr'>existat,</span> <span class='ocrx_word' id='word_1_24' title='bbox 1161 760 1367 827; x_wconf 90' lang='lat' dir='ltr'>veluti</span> <span class='ocrx_word' id='word_1_25' title='bbox 1418 762 1475 824; x_wconf 90' lang='lat' dir='ltr'>si</span> <span class='ocrx_word' id='word_1_26' title='bbox 1527 761 1678 843; x_wconf 90' lang='lat' dir='ltr'>quis</span> <span class='ocrx_word' id='word_1_27' title='bbox 1736 760 1830 825; x_wconf 91' lang='lat' dir='ltr'>ita</span> <span class='ocrx_word' id='word_1_28' title='bbox 1889 762 2172 827; x_wconf 85' lang='lat' dir='ltr'>dixerit:</span> <span class='ocrx_word' id='word_1_29' title='bbox 2222 763 2312 825; x_wconf 87' lang='lat' dir='ltr'>‘si</span> <span class='ocrx_word' id='word_1_30' title='bbox 2359 761 2569 845; x_wconf 85' lang='lat' dir='ltr'>digito</span> <span class='ocrx_word' id='word_1_31' title='bbox 2630 759 2885 826; x_wconf 90' lang='lat' dir='ltr'>caelum</span> 
     </span>
     <span class='ocr_line' id='line_1_5' title="bbox 580 861 2885 951; baseline -0.001 -20"><span class='ocrx_word' id='word_1_32' title='bbox 580 868 882 951; x_wconf 86' lang='lat' dir='ltr'>attigero,</span> <span class='ocrx_word' id='word_1_33' title='bbox 912 868 1068 931; x_wconf 90' lang='lat' dir='ltr'>dare</span> <span class='ocrx_word' id='word_1_34' title='bbox 1107 861 1477 949; x_wconf 80' lang='lat' dir='ltr'>spondes?&#39;</span> <span class='ocrx_word' id='word_1_35' title='bbox 1521 874 1595 930; x_wconf 90' lang='lat' dir='ltr'>at</span> <span class='ocrx_word' id='word_1_36' title='bbox 1637 864 1692 929; x_wconf 87' lang='lat' dir='ltr'>si</span> <span class='ocrx_word' id='word_1_37' title='bbox 1724 864 1816 929; x_wconf 92' lang='lat' dir='ltr'>ita</span> <span class='ocrx_word' id='word_1_38' title='bbox 1855 864 2222 949; x_wconf 84' lang='lat' dir='ltr'>stipuletur,</span> <span class='ocrx_word' id='word_1_39' title='bbox 2254 871 2270 900; x_wconf 90' lang='lat'>‘</span> <span class='ocrx_word' id='word_1_40' title='bbox 2293 866 2348 930; x_wconf 91' lang='lat' dir='ltr'>si</span> <span class='ocrx_word' id='word_1_41' title='bbox 2379 866 2590 949; x_wconf 90' lang='lat' dir='ltr'>digito</span> <span class='ocrx_word' id='word_1_42' title='bbox 2625 864 2885 929; x_wconf 85' lang='lat' dir='ltr'>caelum</span> 
     </span>
     <span class='ocr_line' id='line_1_6' title="bbox 582 966 2888 1055; baseline -0.002 -20"><span class='ocrx_word' id='word_1_43' title='bbox 582 992 717 1036; x_wconf 89' lang='lat' dir='ltr'>non</span> <span class='ocrx_word' id='word_1_44' title='bbox 752 972 1052 1055; x_wconf 86' lang='lat' dir='ltr'>attigero,</span> <span class='ocrx_word' id='word_1_45' title='bbox 1089 972 1248 1035; x_wconf 88' lang='lat' dir='ltr'>dare</span> <span class='ocrx_word' id='word_1_46' title='bbox 1292 966 1628 1052; x_wconf 85' lang='lat' dir='ltr'>spondes?</span> <span class='ocrx_word' id='word_1_47' title='bbox 1646 966 1660 990; x_wconf 92' lang='lat'>’</span> <span class='ocrx_word' id='word_1_48' title='bbox 1711 988 1874 1052; x_wconf 87' lang='lat' dir='ltr'>pure</span> <span class='ocrx_word' id='word_1_49' title='bbox 1914 967 2090 1035; x_wconf 85' lang='lat' dir='ltr'>facta</span> <span class='ocrx_word' id='word_1_50' title='bbox 2129 968 2451 1052; x_wconf 90' lang='lat' dir='ltr'>obligatio</span> <span class='ocrx_word' id='word_1_51' title='bbox 2481 968 2888 1051; x_wconf 85' lang='lat' dir='ltr'>intellegitur</span> 
     </span>
     <span class='ocr_line' id='line_1_7' title="bbox 488 1073 2888 1160; baseline -0.003 -18"><span class='ocrx_word' id='word_1_52' title='bbox 488 1087 555 1142; x_wconf 88' lang='lat'>12</span> <span class='ocrx_word' id='word_1_53' title='bbox 582 1078 863 1160; x_wconf 84' lang='lat' dir='ltr'>ideoque</span> <span class='ocrx_word' id='word_1_54' title='bbox 904 1076 1129 1141; x_wconf 90' lang='lat' dir='ltr'>statim</span> <span class='ocrx_word' id='word_1_55' title='bbox 1167 1084 1395 1159; x_wconf 88' lang='lat' dir='ltr'>petere</span> <span class='ocrx_word' id='word_1_56' title='bbox 1436 1083 1680 1156; x_wconf 89' lang='lat' dir='ltr'>potest.</span> <span class='ocrx_word' id='word_1_57' title='bbox 1773 1074 1945 1138; x_wconf 86' lang='lat' dir='ltr'>Item</span> <span class='ocrx_word' id='word_1_58' title='bbox 1983 1074 2332 1139; x_wconf 89' lang='lat' dir='ltr'>verborum</span> <span class='ocrx_word' id='word_1_59' title='bbox 2364 1074 2684 1157; x_wconf 87' lang='lat' dir='ltr'>obligatio</span> <span class='ocrx_word' id='word_1_60' title='bbox 2716 1073 2888 1137; x_wconf 89' lang='lat' dir='ltr'>inter</span> 
     </span>
     <span class='ocr_line' id='line_1_8' title="bbox 579 1177 2884 1261; baseline -0.002 -17"><span class='ocrx_word' id='word_1_61' title='bbox 579 1180 889 1245; x_wconf 87' lang='lat' dir='ltr'>absentes</span> <span class='ocrx_word' id='word_1_62' title='bbox 919 1188 1243 1261; x_wconf 89' lang='lat' dir='ltr'>concepta</span> <span class='ocrx_word' id='word_1_63' title='bbox 1280 1177 1527 1242; x_wconf 88' lang='lat' dir='ltr'>inutilis</span> <span class='ocrx_word' id='word_1_64' title='bbox 1566 1186 1690 1242; x_wconf 87' lang='lat' dir='ltr'>est.</span> <span class='ocrx_word' id='word_1_65' title='bbox 1762 1178 1880 1242; x_wconf 92' lang='lat' dir='ltr'>sed</span> <span class='ocrx_word' id='word_1_66' title='bbox 1921 1197 2073 1241; x_wconf 90' lang='lat' dir='ltr'>cum</span> <span class='ocrx_word' id='word_1_67' title='bbox 2117 1178 2246 1243; x_wconf 90' lang='lat' dir='ltr'>hoc</span> <span class='ocrx_word' id='word_1_68' title='bbox 2290 1180 2636 1243; x_wconf 88' lang='lat' dir='ltr'>materiam</span> <span class='ocrx_word' id='word_1_69' title='bbox 2667 1177 2884 1241; x_wconf 90' lang='lat' dir='ltr'>litium</span> 
     </span>
     <span class='ocr_line' id='line_1_9' title="bbox 580 1280 2888 1366; baseline -0.002 -17"><span class='ocrx_word' id='word_1_70' title='bbox 580 1283 1009 1349; x_wconf 85' lang='lat' dir='ltr'>contentiosis</span> <span class='ocrx_word' id='word_1_71' title='bbox 1063 1282 1442 1347; x_wconf 89' lang='lat' dir='ltr'>hominibus</span> <span class='ocrx_word' id='word_1_72' title='bbox 1501 1282 1902 1364; x_wconf 87' lang='lat' dir='ltr'>praestabat,</span> <span class='ocrx_word' id='word_1_73' title='bbox 1957 1280 2128 1347; x_wconf 85' lang='lat' dir='ltr'>forte</span> <span class='ocrx_word' id='word_1_74' title='bbox 2184 1290 2338 1365; x_wconf 88' lang='lat' dir='ltr'>post</span> <span class='ocrx_word' id='word_1_75' title='bbox 2389 1291 2656 1366; x_wconf 89' lang='lat' dir='ltr'>tempus</span> <span class='ocrx_word' id='word_1_76' title='bbox 2714 1282 2888 1346; x_wconf 90' lang='lat' dir='ltr'>tales</span> 
     </span>
     <span class='ocr_line' id='line_1_10' title="bbox 578 1384 2884 1471; baseline -0 -21"><span class='ocrx_word' id='word_1_77' title='bbox 578 1387 1013 1471; x_wconf 88' lang='lat' dir='ltr'>allegationes</span> <span class='ocrx_word' id='word_1_78' title='bbox 1055 1386 1545 1469; x_wconf 89' lang='lat' dir='ltr'>opponentibus</span> <span class='ocrx_word' id='word_1_79' title='bbox 1590 1394 1660 1450; x_wconf 91' lang='lat' dir='ltr'>et</span> <span class='ocrx_word' id='word_1_80' title='bbox 1706 1407 1839 1450; x_wconf 91' lang='lat' dir='ltr'>non</span> <span class='ocrx_word' id='word_1_81' title='bbox 1883 1398 2270 1470; x_wconf 86' lang='lat' dir='ltr'>praesentes</span> <span class='ocrx_word' id='word_1_82' title='bbox 2315 1408 2460 1451; x_wconf 87' lang='lat' dir='ltr'>esse</span> <span class='ocrx_word' id='word_1_83' title='bbox 2503 1386 2610 1451; x_wconf 90' lang='lat' dir='ltr'>vel</span> <span class='ocrx_word' id='word_1_84' title='bbox 2653 1407 2725 1450; x_wconf 92' lang='lat' dir='ltr'>se</span> <span class='ocrx_word' id='word_1_85' title='bbox 2774 1384 2884 1450; x_wconf 91' lang='lat' dir='ltr'>vel</span> 
     </span>
     <span class='ocr_line' id='line_1_11' title="bbox 576 1490 2886 1557; baseline 0.001 -2"><span class='ocrx_word' id='word_1_86' title='bbox 576 1490 989 1555; x_wconf 89' lang='lat' dir='ltr'>adversarios</span> <span class='ocrx_word' id='word_1_87' title='bbox 1054 1511 1210 1555; x_wconf 89' lang='lat' dir='ltr'>suos</span> <span class='ocrx_word' id='word_1_88' title='bbox 1286 1490 1886 1555; x_wconf 82' lang='lat' dir='ltr'>contendentibus:</span> <span class='ocrx_word' id='word_1_89' title='bbox 1962 1491 2114 1555; x_wconf 93' lang='lat' dir='ltr'>ideo</span> <span class='ocrx_word' id='word_1_90' title='bbox 2195 1500 2420 1555; x_wconf 89' lang='lat' dir='ltr'>nostra</span> <span class='ocrx_word' id='word_1_91' title='bbox 2495 1492 2886 1557; x_wconf 89' lang='lat' dir='ltr'>constitutio</span> 
     </span>
     <span class='ocr_line' id='line_1_12' title="bbox 575 1594 2882 1678; baseline 0 -20"><span class='ocrx_word' id='word_1_92' title='bbox 575 1604 848 1678; x_wconf 91' lang='lat' dir='ltr'>propter</span> <span class='ocrx_word' id='word_1_93' title='bbox 875 1594 1280 1659; x_wconf 85' lang='lat' dir='ltr'>celeritatem</span> <span class='ocrx_word' id='word_1_94' title='bbox 1310 1594 1828 1659; x_wconf 86' lang='lat' dir='ltr'>dirimendarum</span> <span class='ocrx_word' id='word_1_95' title='bbox 1859 1594 2078 1659; x_wconf 90' lang='lat' dir='ltr'>litium</span> <span class='ocrx_word' id='word_1_96' title='bbox 2118 1594 2494 1661; x_wconf 89' lang='lat' dir='ltr'>introducta</span> <span class='ocrx_word' id='word_1_97' title='bbox 2524 1604 2645 1670; x_wconf 86' lang='lat' dir='ltr'>est,</span> <span class='ocrx_word' id='word_1_98' title='bbox 2677 1616 2882 1678; x_wconf 89' lang='lat' dir='ltr'>quarn</span> 
     </span>
     <span class='ocr_line' id='line_1_13' title="bbox 576 1697 2882 1783; baseline 0 -20"><span class='ocrx_word' id='word_1_99' title='bbox 576 1700 663 1763; x_wconf 88' lang='lat' dir='ltr'>ad</span> <span class='ocrx_word' id='word_1_100' title='bbox 698 1697 1174 1765; x_wconf 89' lang='lat' dir='ltr'>Caesareenses</span> <span class='ocrx_word' id='word_1_101' title='bbox 1208 1698 1568 1764; x_wconf 89' lang='lat' dir='ltr'>advocatos</span> <span class='ocrx_word' id='word_1_102' title='bbox 1608 1699 2004 1783; x_wconf 80' lang='lat' dir='ltr'>scripsimuS,</span> <span class='ocrx_word' id='word_1_103' title='bbox 2037 1720 2156 1783; x_wconf 90' lang='lat' dir='ltr'>per</span> <span class='ocrx_word' id='word_1_104' title='bbox 2194 1720 2394 1783; x_wconf 90' lang='lat' dir='ltr'>quam</span> <span class='ocrx_word' id='word_1_105' title='bbox 2437 1699 2882 1783; x_wconf 87' lang='lat' dir='ltr'>disposuimus</span> 
     </span>
     <span class='ocr_line' id='line_1_14' title="bbox 576 1801 2880 1887; baseline 0 -20"><span class='ocrx_word' id='word_1_106' title='bbox 576 1801 747 1869; x_wconf 86' lang='lat' dir='ltr'>tales</span> <span class='ocrx_word' id='word_1_107' title='bbox 784 1802 1155 1885; x_wconf 82' lang='lat' dir='ltr'>scripturaS,</span> <span class='ocrx_word' id='word_1_108' title='bbox 1190 1822 1361 1885; x_wconf 89' lang='lat' dir='ltr'>quae</span> <span class='ocrx_word' id='word_1_109' title='bbox 1400 1812 1670 1885; x_wconf 87' lang='lat' dir='ltr'>praesto</span> <span class='ocrx_word' id='word_1_110' title='bbox 1708 1823 1850 1869; x_wconf 87' lang='lat' dir='ltr'>esse</span> <span class='ocrx_word' id='word_1_111' title='bbox 1889 1813 2111 1887; x_wconf 91' lang='lat' dir='ltr'>partes</span> <span class='ocrx_word' id='word_1_112' title='bbox 2153 1803 2460 1883; x_wconf 89' lang='lat' dir='ltr'>indicant,</span> <span class='ocrx_word' id='word_1_113' title='bbox 2493 1803 2880 1867; x_wconf 90' lang='lat' dir='ltr'>omnimodo</span> 
     </span>
     <span class='ocr_line' id='line_1_15' title="bbox 576 1906 2882 1990; baseline 0 -20"><span class='ocrx_word' id='word_1_114' title='bbox 576 1928 720 1971; x_wconf 87' lang='lat' dir='ltr'>esse</span> <span class='ocrx_word' id='word_1_115' title='bbox 763 1907 1149 1983; x_wconf 79' lang='lat' dir='ltr'>credendaS,</span> <span class='ocrx_word' id='word_1_116' title='bbox 1196 1906 1319 1971; x_wconf 91' lang='lat' dir='ltr'>nisi</span> <span class='ocrx_word' id='word_1_117' title='bbox 1364 1906 1523 1989; x_wconf 90' lang='lat' dir='ltr'>ipse,</span> <span class='ocrx_word' id='word_1_118' title='bbox 1567 1906 1682 1989; x_wconf 90' lang='lat' dir='ltr'>qui</span> <span class='ocrx_word' id='word_1_119' title='bbox 1730 1906 1974 1971; x_wconf 89' lang='lat' dir='ltr'>talibus</span> <span class='ocrx_word' id='word_1_120' title='bbox 2020 1907 2227 1971; x_wconf 90' lang='lat' dir='ltr'>utitur</span> <span class='ocrx_word' id='word_1_121' title='bbox 2271 1906 2592 1990; x_wconf 86' lang='lat' dir='ltr'>improbis</span> <span class='ocrx_word' id='word_1_122' title='bbox 2633 1907 2882 1989; x_wconf 89' lang='lat' dir='ltr'>allega-</span> 
     </span>
     <span class='ocr_line' id='line_1_16' title="bbox 574 2008 2880 2093; baseline 0 -18"><span class='ocrx_word' id='word_1_123' title='bbox 574 2010 885 2087; x_wconf 89' lang='lat' dir='ltr'>tionibus,</span> <span class='ocrx_word' id='word_1_124' title='bbox 916 2008 1465 2075; x_wconf 85' lang='lat' dir='ltr'>manifestissimis</span> <span class='ocrx_word' id='word_1_125' title='bbox 1501 2009 2004 2091; x_wconf 88' lang='lat' dir='ltr'>probationibus</span> <span class='ocrx_word' id='word_1_126' title='bbox 2043 2010 2150 2074; x_wconf 92' lang='lat' dir='ltr'>vel</span> <span class='ocrx_word' id='word_1_127' title='bbox 2189 2031 2311 2093; x_wconf 91' lang='lat' dir='ltr'>per</span> <span class='ocrx_word' id='word_1_128' title='bbox 2347 2011 2738 2093; x_wconf 89' lang='lat' dir='ltr'>scripturam</span> <span class='ocrx_word' id='word_1_129' title='bbox 2773 2010 2880 2075; x_wconf 88' lang='lat' dir='ltr'>vel</span> 
     </span>
     <span class='ocr_line' id='line_1_17' title="bbox 571 2112 2882 2198; baseline 0.001 -21"><span class='ocrx_word' id='word_1_130' title='bbox 571 2135 692 2198; x_wconf 90' lang='lat' dir='ltr'>per</span> <span class='ocrx_word' id='word_1_131' title='bbox 742 2123 947 2181; x_wconf 90' lang='lat' dir='ltr'>testes</span> <span class='ocrx_word' id='word_1_132' title='bbox 1007 2114 1283 2178; x_wconf 88' lang='lat' dir='ltr'>idoneos</span> <span class='ocrx_word' id='word_1_133' title='bbox 1334 2114 1802 2197; x_wconf 86' lang='lat' dir='ltr'>approbaverit</span> <span class='ocrx_word' id='word_1_134' title='bbox 1859 2113 1927 2177; x_wconf 91' lang='lat' dir='ltr'>in</span> <span class='ocrx_word' id='word_1_135' title='bbox 1980 2112 2125 2197; x_wconf 90' lang='lat' dir='ltr'>ipso</span> <span class='ocrx_word' id='word_1_136' title='bbox 2177 2123 2324 2179; x_wconf 92' lang='lat' dir='ltr'>toto</span> <span class='ocrx_word' id='word_1_137' title='bbox 2376 2115 2485 2179; x_wconf 92' lang='lat' dir='ltr'>die</span> <span class='ocrx_word' id='word_1_138' title='bbox 2536 2135 2670 2198; x_wconf 92' lang='lat' dir='ltr'>quo</span> <span class='ocrx_word' id='word_1_139' title='bbox 2721 2135 2882 2179; x_wconf 88' lang='lat' dir='ltr'>con·</span> 
     </span>
     <span class='ocr_line' id='line_1_18' title="bbox 572 2218 2882 2285; baseline -0 0"><span class='ocrx_word' id='word_1_140' title='bbox 572 2220 916 2285; x_wconf 89' lang='lat' dir='ltr'>ficiebatur</span> <span class='ocrx_word' id='word_1_141' title='bbox 962 2220 1471 2283; x_wconf 89' lang='lat' dir='ltr'>instrumentum</span> <span class='ocrx_word' id='word_1_142' title='bbox 1520 2240 1666 2283; x_wconf 91' lang='lat' dir='ltr'>sese</span> <span class='ocrx_word' id='word_1_143' title='bbox 1713 2218 1822 2284; x_wconf 91' lang='lat' dir='ltr'>vel</span> <span class='ocrx_word' id='word_1_144' title='bbox 1874 2219 2320 2284; x_wconf 88' lang='lat' dir='ltr'>adversarium</span> <span class='ocrx_word' id='word_1_145' title='bbox 2373 2240 2563 2285; x_wconf 89' lang='lat' dir='ltr'>suum</span> <span class='ocrx_word' id='word_1_146' title='bbox 2615 2220 2682 2283; x_wconf 96' lang='lat' dir='ltr'>in</span> <span class='ocrx_word' id='word_1_147' title='bbox 2732 2218 2882 2284; x_wconf 88' lang='lat' dir='ltr'>aliis</span> 
     </span>
     <span class='ocr_line' id='line_1_19' title="bbox 478 2320 2880 2403; baseline 0 -20"><span class='ocrx_word' id='word_1_148' title='bbox 478 2329 546 2387; x_wconf 90' lang='lat'>13</span> <span class='ocrx_word' id='word_1_149' title='bbox 572 2320 737 2389; x_wconf 87' lang='lat' dir='ltr'>locis</span> <span class='ocrx_word' id='word_1_150' title='bbox 780 2343 942 2387; x_wconf 87' lang='lat' dir='ltr'>esse.</span> <span class='ocrx_word' id='word_1_151' title='bbox 1033 2322 1193 2385; x_wconf 91' lang='lat' dir='ltr'>Post</span> <span class='ocrx_word' id='word_1_152' title='bbox 1238 2332 1521 2385; x_wconf 89' lang='lat' dir='ltr'>mortem</span> <span class='ocrx_word' id='word_1_153' title='bbox 1570 2341 1760 2385; x_wconf 89' lang='lat' dir='ltr'>suam</span> <span class='ocrx_word' id='word_1_154' title='bbox 1807 2320 1950 2385; x_wconf 89' lang='lat' dir='ltr'>dari</span> <span class='ocrx_word' id='word_1_155' title='bbox 1998 2320 2124 2383; x_wconf 93' lang='lat' dir='ltr'>sibi</span> <span class='ocrx_word' id='word_1_156' title='bbox 2173 2340 2370 2385; x_wconf 88' lang='lat' dir='ltr'>nemo</span> <span class='ocrx_word' id='word_1_157' title='bbox 2415 2320 2714 2403; x_wconf 89' lang='lat' dir='ltr'>stipulari</span> <span class='ocrx_word' id='word_1_158' title='bbox 2757 2340 2880 2403; x_wconf 93' lang='lat' dir='ltr'>po-</span> 
     </span>
     <span class='ocr_line' id='line_1_20' title="bbox 571 2422 2876 2506; baseline -0.002 -17"><span class='ocrx_word' id='word_1_159' title='bbox 571 2434 761 2501; x_wconf 83' lang='lat' dir='ltr'>terat,</span> <span class='ocrx_word' id='word_1_160' title='bbox 796 2446 929 2489; x_wconf 88' lang='lat' dir='ltr'>non</span> <span class='ocrx_word' id='word_1_161' title='bbox 959 2424 1173 2505; x_wconf 91' lang='lat' dir='ltr'>magis</span> <span class='ocrx_word' id='word_1_162' title='bbox 1216 2444 1418 2506; x_wconf 88' lang='lat' dir='ltr'>quam</span> <span class='ocrx_word' id='word_1_163' title='bbox 1465 2432 1620 2506; x_wconf 90' lang='lat' dir='ltr'>post</span> <span class='ocrx_word' id='word_1_164' title='bbox 1665 2425 1804 2488; x_wconf 91' lang='lat' dir='ltr'>eius</span> <span class='ocrx_word' id='word_1_165' title='bbox 1850 2432 2136 2488; x_wconf 90' lang='lat' dir='ltr'>mortem</span> <span class='ocrx_word' id='word_1_166' title='bbox 2172 2444 2214 2487; x_wconf 88' lang='lat' dir='ltr'>a</span> <span class='ocrx_word' id='word_1_167' title='bbox 2252 2444 2384 2506; x_wconf 90' lang='lat' dir='ltr'>quo</span> <span class='ocrx_word' id='word_1_168' title='bbox 2415 2422 2876 2505; x_wconf 85' lang='lat' dir='ltr'>stipulabatur.</span> 
     </span>
     <span class='ocr_line' id='line_1_21' title="bbox 569 2526 2883 2611; baseline -0.001 -17"><span class='ocrx_word' id='word_1_169' title='bbox 569 2548 649 2594; x_wconf 90' lang='lat' dir='ltr'>ac</span> <span class='ocrx_word' id='word_1_170' title='bbox 714 2549 799 2594; x_wconf 93' lang='lat' dir='ltr'>ne</span> <span class='ocrx_word' id='word_1_171' title='bbox 857 2529 928 2608; x_wconf 85' lang='lat' dir='ltr'>is,</span> <span class='ocrx_word' id='word_1_172' title='bbox 980 2526 1093 2611; x_wconf 91' lang='lat' dir='ltr'>qui</span> <span class='ocrx_word' id='word_1_173' title='bbox 1154 2526 1221 2591; x_wconf 92' lang='lat' dir='ltr'>in</span> <span class='ocrx_word' id='word_1_174' title='bbox 1284 2526 1559 2593; x_wconf 88' lang='lat' dir='ltr'>alicuius</span> <span class='ocrx_word' id='word_1_175' title='bbox 1619 2536 1956 2611; x_wconf 88' lang='lat' dir='ltr'>potestate</span> <span class='ocrx_word' id='word_1_176' title='bbox 2009 2536 2127 2605; x_wconf 91' lang='lat' dir='ltr'>est,</span> <span class='ocrx_word' id='word_1_177' title='bbox 2182 2535 2335 2611; x_wconf 87' lang='lat' dir='ltr'>post</span> <span class='ocrx_word' id='word_1_178' title='bbox 2395 2536 2678 2592; x_wconf 88' lang='lat' dir='ltr'>mortem</span> <span class='ocrx_word' id='word_1_179' title='bbox 2738 2528 2883 2592; x_wconf 87' lang='lat' dir='ltr'>eius</span> 
     </span>
     <span class='ocr_line' id='line_1_22' title="bbox 572 2630 2877 2716; baseline -0.001 -18"><span class='ocrx_word' id='word_1_180' title='bbox 572 2631 869 2716; x_wconf 88' lang='lat' dir='ltr'>stipulari</span> <span class='ocrx_word' id='word_1_181' title='bbox 912 2637 1190 2716; x_wconf 89' lang='lat' dir='ltr'>poterat,</span> <span class='ocrx_word' id='word_1_182' title='bbox 1238 2632 1393 2716; x_wconf 88' lang='lat' dir='ltr'>quia</span> <span class='ocrx_word' id='word_1_183' title='bbox 1444 2633 1653 2714; x_wconf 89' lang='lat' dir='ltr'>patris</span> <span class='ocrx_word' id='word_1_184' title='bbox 1703 2632 1810 2697; x_wconf 88' lang='lat' dir='ltr'>vel</span> <span class='ocrx_word' id='word_1_185' title='bbox 1858 2631 2112 2697; x_wconf 90' lang='lat' dir='ltr'>domini</span> <span class='ocrx_word' id='word_1_186' title='bbox 2167 2653 2331 2697; x_wconf 92' lang='lat' dir='ltr'>voce</span> <span class='ocrx_word' id='word_1_187' title='bbox 2377 2630 2556 2715; x_wconf 90' lang='lat' dir='ltr'>loqui</span> <span class='ocrx_word' id='word_1_188' title='bbox 2597 2631 2877 2697; x_wconf 87' lang='lat' dir='ltr'>videtur.</span> 
     </span>
     <span class='ocr_line' id='line_1_23' title="bbox 571 2733 2880 2820; baseline -0 -18"><span class='ocrx_word' id='word_1_189' title='bbox 571 2738 687 2802; x_wconf 90' lang='lat' dir='ltr'>sed</span> <span class='ocrx_word' id='word_1_190' title='bbox 718 2747 787 2802; x_wconf 91' lang='lat' dir='ltr'>et</span> <span class='ocrx_word' id='word_1_191' title='bbox 826 2736 881 2802; x_wconf 91' lang='lat' dir='ltr'>si</span> <span class='ocrx_word' id='word_1_192' title='bbox 922 2735 1071 2818; x_wconf 89' lang='lat' dir='ltr'>quis</span> <span class='ocrx_word' id='word_1_193' title='bbox 1116 2734 1209 2802; x_wconf 89' lang='lat' dir='ltr'>ita</span> <span class='ocrx_word' id='word_1_194' title='bbox 1236 2734 1606 2818; x_wconf 91' lang='lat' dir='ltr'>stipuletur,</span> <span class='ocrx_word' id='word_1_195' title='bbox 1640 2735 1888 2820; x_wconf 89' lang='lat' dir='ltr'>‘pridie</span> <span class='ocrx_word' id='word_1_196' title='bbox 1930 2756 2134 2819; x_wconf 91' lang='lat' dir='ltr'>quam</span> <span class='ocrx_word' id='word_1_197' title='bbox 2165 2733 2436 2800; x_wconf 89' lang='lat' dir='ltr'>moriar’</span> <span class='ocrx_word' id='word_1_198' title='bbox 2482 2735 2590 2801; x_wconf 90' lang='lat' dir='ltr'>vel</span> <span class='ocrx_word' id='word_1_199' title='bbox 2630 2736 2880 2818; x_wconf 92' lang='lat' dir='ltr'>‘pridie</span> 
     </span>
     <span class='ocr_line' id='line_1_24' title="bbox 571 2836 2880 2924; baseline 0 -20"><span class='ocrx_word' id='word_1_200' title='bbox 571 2861 773 2924; x_wconf 91' lang='lat' dir='ltr'>quam</span> <span class='ocrx_word' id='word_1_201' title='bbox 822 2839 1115 2904; x_wconf 89' lang='lat' dir='ltr'>morieris</span> <span class='ocrx_word' id='word_1_202' title='bbox 1165 2837 1350 2904; x_wconf 82' lang='lat' dir='ltr'>dari?</span> <span class='ocrx_word' id='word_1_203' title='bbox 1374 2836 1389 2865; x_wconf 88' lang='lat'>’</span> <span class='ocrx_word' id='word_1_204' title='bbox 1433 2840 1686 2904; x_wconf 90' lang='lat' dir='ltr'>inutilis</span> <span class='ocrx_word' id='word_1_205' title='bbox 1734 2849 1876 2905; x_wconf 90' lang='lat' dir='ltr'>erat</span> <span class='ocrx_word' id='word_1_206' title='bbox 1935 2840 2296 2923; x_wconf 87' lang='lat' dir='ltr'>stipulatio.</span> <span class='ocrx_word' id='word_1_207' title='bbox 2401 2841 2521 2906; x_wconf 87' lang='lat' dir='ltr'>sed</span> <span class='ocrx_word' id='word_1_208' title='bbox 2573 2861 2748 2917; x_wconf 90' lang='lat' dir='ltr'>cum,</span> <span class='ocrx_word' id='word_1_209' title='bbox 2801 2849 2880 2904; x_wconf 90' lang='lat' dir='ltr'>ut</span> 
     </span>
     <span class='ocr_line' id='line_1_25' title="bbox 570 2941 2878 3029; baseline 0 -21"><span class='ocrx_word' id='word_1_210' title='bbox 570 2946 703 3009; x_wconf 89' lang='lat' dir='ltr'>iam</span> <span class='ocrx_word' id='word_1_211' title='bbox 760 2941 1025 3010; x_wconf 83' lang='lat' dir='ltr'>’dictum</span> <span class='ocrx_word' id='word_1_212' title='bbox 1092 2952 1211 3023; x_wconf 89' lang='lat' dir='ltr'>est,</span> <span class='ocrx_word' id='word_1_213' title='bbox 1272 2964 1363 3007; x_wconf 90' lang='lat' dir='ltr'>ex</span> <span class='ocrx_word' id='word_1_214' title='bbox 1427 2964 1750 3008; x_wconf 88' lang='lat' dir='ltr'>consensu</span> <span class='ocrx_word' id='word_1_215' title='bbox 1817 2943 2350 3010; x_wconf 88' lang='lat' dir='ltr'>contrahentium</span> <span class='ocrx_word' id='word_1_216' title='bbox 2420 2945 2878 3029; x_wconf 83' lang='lat' dir='ltr'>stipulationes</span> 
     </span>
     <span class='ocr_line' id='line_1_26' title="bbox 568 3047 2878 3131; baseline 0 -19"><span class='ocrx_word' id='word_1_217' title='bbox 568 3048 811 3128; x_wconf 91' lang='lat' dir='ltr'>valent,</span> <span class='ocrx_word' id='word_1_218' title='bbox 858 3047 1106 3131; x_wconf 91' lang='lat' dir='ltr'>placuit</span> <span class='ocrx_word' id='word_1_219' title='bbox 1164 3047 1355 3111; x_wconf 89' lang='lat' dir='ltr'>nobis</span> <span class='ocrx_word' id='word_1_220' title='bbox 1408 3048 1609 3111; x_wconf 91' lang='lat' dir='ltr'>etiam</span> <span class='ocrx_word' id='word_1_221' title='bbox 1669 3049 1735 3112; x_wconf 91' lang='lat' dir='ltr'>in</span> <span class='ocrx_word' id='word_1_222' title='bbox 1794 3047 1969 3112; x_wconf 90' lang='lat' dir='ltr'>hunc</span> <span class='ocrx_word' id='word_1_223' title='bbox 2029 3049 2185 3111; x_wconf 87' lang='lat' dir='ltr'>iuris</span> <span class='ocrx_word' id='word_1_224' title='bbox 2241 3048 2592 3114; x_wconf 87' lang='lat' dir='ltr'>articulum</span> <span class='ocrx_word' id='word_1_225' title='bbox 2654 3069 2878 3113; x_wconf 89' lang='lat' dir='ltr'>neces-</span> 
     </span>
    </p>
   </div>
   <div class='ocr_carea' id='block_1_3' title="bbox 569 3260 2876 3334">
    <p class='ocr_par' dir='ltr' id='par_1_3' title="bbox 569 3260 2876 3334">
     <span class='ocr_line' id='line_1_27' title="bbox 569 3260 2876 3334; baseline 0.001 -16"><span class='ocrx_word' id='word_1_226' title='bbox 569 3264 847 3334; x_wconf 88' lang='lat' dir='ltr'>positions</span> <span class='ocrx_word' id='word_1_227' title='bbox 872 3280 969 3318; x_wconf 85' lang='lat' dir='ltr'>see</span> <span class='ocrx_word' id='word_1_228' title='bbox 995 3279 1069 3318; x_wconf 90' lang='lat' dir='ltr'>on</span> <span class='ocrx_word' id='word_1_229' title='bbox 1096 3262 1201 3317; x_wconf 91' lang='lat' dir='ltr'>Bk.</span> <span class='ocrx_word' id='word_1_230' title='bbox 1228 3262 1283 3317; x_wconf 89' lang='lat' dir='ltr'>ii.</span> <span class='ocrx_word' id='word_1_231' title='bbox 1318 3277 1394 3328; x_wconf 81' lang='lat'>14</span> <span class='ocrx_word' id='word_1_232' title='bbox 1430 3276 1495 3316; x_wconf 87' lang='lat'>10</span> <span class='ocrx_word' id='word_1_233' title='bbox 1518 3278 1672 3331; x_wconf 88' lang='lat' dir='ltr'>supr.</span> <span class='ocrx_word' id='word_1_234' title='bbox 1741 3263 1796 3316; x_wconf 83' lang='lat' dir='ltr'>A</span> <span class='ocrx_word' id='word_1_235' title='bbox 1821 3260 2112 3318; x_wconf 88' lang='lat' dir='ltr'>condition</span> <span class='ocrx_word' id='word_1_236' title='bbox 2145 3261 2194 3319; x_wconf 90' lang='lat' dir='ltr'>is</span> <span class='ocrx_word' id='word_1_237' title='bbox 2227 3262 2558 3333; x_wconf 86' lang='lat' dir='ltr'>impossible</span> <span class='ocrx_word' id='word_1_238' title='bbox 2585 3263 2664 3332; x_wconf 89' lang='lat'>(1)</span> <span class='ocrx_word' id='word_1_239' title='bbox 2689 3263 2876 3320; x_wconf 75' lang='lat' dir='ltr'>which</span> 
     </span>
    </p>
   </div>
   <div class='ocr_carea' id='block_1_4' title="bbox 571 3344 2986 3416">
    <p class='ocr_par' dir='ltr' id='par_1_4' title="bbox 571 3344 2986 3416">
     <span class='ocr_line' id='line_1_28' title="bbox 571 3344 2986 3416; baseline 0 -16"><span class='ocrx_word' id='word_1_240' title='bbox 571 3356 781 3401; x_wconf 87' lang='lat' dir='ltr'>cannot</span> <span class='ocrx_word' id='word_1_241' title='bbox 804 3344 923 3402; x_wconf 89' lang='lat' dir='ltr'>and</span> <span class='ocrx_word' id='word_1_242' title='bbox 945 3362 1119 3401; x_wconf 85' lang='lat' dir='ltr'>never</span> <span class='ocrx_word' id='word_1_243' title='bbox 1143 3344 1311 3400; x_wconf 91' lang='lat' dir='ltr'>could</span> <span class='ocrx_word' id='word_1_244' title='bbox 1336 3346 1481 3400; x_wconf 90' lang='lat' dir='ltr'>have</span> <span class='ocrx_word' id='word_1_245' title='bbox 1508 3344 1654 3400; x_wconf 87' lang='lat' dir='ltr'>been</span> <span class='ocrx_word' id='word_1_246' title='bbox 1679 3344 1930 3414; x_wconf 85' lang='lat' dir='ltr'>fulfilled,</span> <span class='ocrx_word' id='word_1_247' title='bbox 1955 3345 2089 3416; x_wconf 88' lang='lat' dir='ltr'>quia</span> <span class='ocrx_word' id='word_1_248' title='bbox 2121 3354 2326 3402; x_wconf 88' lang='lat' dir='ltr'>natura</span> <span class='ocrx_word' id='word_1_249' title='bbox 2353 3345 2762 3416; x_wconf 87' lang='lat' dir='ltr'>impedimento</span> <span class='ocrx_word' id='word_1_250' title='bbox 2786 3355 2874 3402; x_wconf 68' lang='lat' dir='ltr'>est</span> <span class='ocrx_word' id='word_1_251' title='bbox 2977 3400 2986 3409; x_wconf 80' lang='grc'>,</span> 
     </span>
    </p>
   </div>
   <div class='ocr_carea' id='block_1_5' title="bbox 567 3425 2878 4584">
    <p class='ocr_par' dir='ltr' id='par_1_5' title="bbox 567 3425 2878 4328">
     <span class='ocr_line' id='line_1_29' title="bbox 572 3425 2878 3499; baseline 0.001 -16"><span class='ocrx_word' id='word_1_252' title='bbox 572 3428 852 3496; x_wconf 84' lang='lat' dir='ltr'>(absolute</span> <span class='ocrx_word' id='word_1_253' title='bbox 868 3427 1124 3498; x_wconf 88' lang='lat' dir='ltr'>physical</span> <span class='ocrx_word' id='word_1_254' title='bbox 1140 3425 1579 3497; x_wconf 86' lang='lat' dir='ltr'>impossibility),</span> <span class='ocrx_word' id='word_1_255' title='bbox 1590 3445 1656 3483; x_wconf 91' lang='lat' dir='ltr'>or</span> <span class='ocrx_word' id='word_1_256' title='bbox 1669 3427 1850 3483; x_wconf 86' lang='lat' dir='ltr'>which</span> <span class='ocrx_word' id='word_1_257' title='bbox 1861 3431 2274 3499; x_wconf 88' lang='lat' dir='ltr'>contemplates</span> <span class='ocrx_word' id='word_1_258' title='bbox 2287 3430 2385 3485; x_wconf 90' lang='lat' dir='ltr'>the</span> <span class='ocrx_word' id='word_1_259' title='bbox 2395 3445 2878 3486; x_wconf 85' lang='lat' dir='ltr'>non-occurrence</span> 
     </span>
     <span class='ocr_line' id='line_1_30' title="bbox 570 3510 2876 3582; baseline 0.002 -16"><span class='ocrx_word' id='word_1_260' title='bbox 570 3512 637 3566; x_wconf 83' lang='lat' dir='ltr'>of</span> <span class='ocrx_word' id='word_1_261' title='bbox 654 3513 751 3567; x_wconf 88' lang='lat' dir='ltr'>the</span> <span class='ocrx_word' id='word_1_262' title='bbox 774 3528 1093 3580; x_wconf 84' lang='lat' dir='ltr'>necessary,</span> <span class='ocrx_word' id='word_1_263' title='bbox 1119 3528 1169 3565; x_wconf 89' lang='lat' dir='ltr'>e.</span> <span class='ocrx_word' id='word_1_264' title='bbox 1184 3528 1239 3581; x_wconf 83' lang='lat' dir='ltr'>g.</span> <span class='ocrx_word' id='word_1_265' title='bbox 1266 3510 1315 3566; x_wconf 89' lang='lat' dir='ltr'>si</span> <span class='ocrx_word' id='word_1_266' title='bbox 1340 3527 1631 3582; x_wconf 88' lang='lat' dir='ltr'>nunquam</span> <span class='ocrx_word' id='word_1_267' title='bbox 1658 3511 1868 3568; x_wconf 87' lang='lat' dir='ltr'>moriar</span> <span class='ocrx_word' id='word_1_268' title='bbox 1891 3529 1906 3580; x_wconf 85' lang='lat'>3</span> <span class='ocrx_word' id='word_1_269' title='bbox 1945 3529 2009 3568; x_wconf 90' lang='lat' dir='ltr'>or</span> <span class='ocrx_word' id='word_1_270' title='bbox 2036 3511 2114 3582; x_wconf 90' lang='lat'>(2)</span> <span class='ocrx_word' id='word_1_271' title='bbox 2141 3513 2324 3568; x_wconf 81' lang='lat' dir='ltr'>which</span> <span class='ocrx_word' id='word_1_272' title='bbox 2349 3512 2531 3582; x_wconf 81' lang='lat' dir='ltr'>might</span> <span class='ocrx_word' id='word_1_273' title='bbox 2555 3514 2700 3570; x_wconf 88' lang='lat' dir='ltr'>have</span> <span class='ocrx_word' id='word_1_274' title='bbox 2725 3513 2876 3570; x_wconf 90' lang='lat' dir='ltr'>been</span> 
     </span>
     <span class='ocr_line' id='line_1_31' title="bbox 569 3592 2876 3665; baseline 0.002 -17"><span class='ocrx_word' id='word_1_275' title='bbox 569 3594 803 3650; x_wconf 80' lang='lat' dir='ltr'>fulfilled</span> <span class='ocrx_word' id='word_1_276' title='bbox 828 3594 1009 3650; x_wconf 87' lang='lat' dir='ltr'>under</span> <span class='ocrx_word' id='word_1_277' title='bbox 1031 3594 1195 3650; x_wconf 89' lang='lat' dir='ltr'>other</span> <span class='ocrx_word' id='word_1_278' title='bbox 1220 3592 1807 3663; x_wconf 81' lang='lat' dir='ltr'>circumstances,&#39;but</span> <span class='ocrx_word' id='word_1_279' title='bbox 1841 3612 1970 3650; x_wconf 86' lang='lat' dir='ltr'>now</span> <span class='ocrx_word' id='word_1_280' title='bbox 1994 3605 2220 3665; x_wconf 89' lang='lat' dir='ltr'>cannot,</span> <span class='ocrx_word' id='word_1_281' title='bbox 2244 3596 2332 3652; x_wconf 86' lang='lat' dir='ltr'>for</span> <span class='ocrx_word' id='word_1_282' title='bbox 2355 3597 2454 3652; x_wconf 86' lang='lat' dir='ltr'>the</span> <span class='ocrx_word' id='word_1_283' title='bbox 2487 3613 2645 3652; x_wconf 84' lang='lat' dir='ltr'>same</span> <span class='ocrx_word' id='word_1_284' title='bbox 2669 3613 2876 3652; x_wconf 85' lang='lat' dir='ltr'>reason</span> 
     </span>
     <span class='ocr_line' id='line_1_32' title="bbox 572 3675 2874 3750; baseline 0.003 -20"><span class='ocrx_word' id='word_1_285' title='bbox 572 3675 826 3743; x_wconf 82' lang='lat' dir='ltr'>(relative</span> <span class='ocrx_word' id='word_1_286' title='bbox 855 3676 1112 3747; x_wconf 86' lang='lat' dir='ltr'>physical</span> <span class='ocrx_word' id='word_1_287' title='bbox 1150 3675 1591 3746; x_wconf 88' lang='lat' dir='ltr'>impossibility),</span> <span class='ocrx_word' id='word_1_288' title='bbox 1620 3693 1684 3733; x_wconf 88' lang='lat' dir='ltr'>or</span> <span class='ocrx_word' id='word_1_289' title='bbox 1710 3677 1790 3746; x_wconf 89' lang='lat'>(3)</span> <span class='ocrx_word' id='word_1_290' title='bbox 1817 3680 1914 3734; x_wconf 90' lang='lat' dir='ltr'>the</span> <span class='ocrx_word' id='word_1_291' title='bbox 1951 3679 2249 3734; x_wconf 85' lang='lat' dir='ltr'>fulfilment</span> <span class='ocrx_word' id='word_1_292' title='bbox 2279 3679 2346 3734; x_wconf 86' lang='lat' dir='ltr'>of</span> <span class='ocrx_word' id='word_1_293' title='bbox 2370 3679 2554 3735; x_wconf 81' lang='lat' dir='ltr'>which</span> <span class='ocrx_word' id='word_1_294' title='bbox 2579 3679 2628 3734; x_wconf 92' lang='lat' dir='ltr'>is</span> <span class='ocrx_word' id='word_1_295' title='bbox 2664 3679 2874 3750; x_wconf 85' lang='lat' dir='ltr'>impos-</span> 
     </span>
     <span class='ocr_line' id='line_1_33' title="bbox 570 3759 2872 3834; baseline 0.002 -20"><span class='ocrx_word' id='word_1_296' title='bbox 570 3759 713 3815; x_wconf 93' lang='lat' dir='ltr'>sible</span> <span class='ocrx_word' id='word_1_297' title='bbox 738 3771 837 3815; x_wconf 89' lang='lat' dir='ltr'>not</span> <span class='ocrx_word' id='word_1_298' title='bbox 873 3761 951 3830; x_wconf 94' lang='lat' dir='ltr'>by</span> <span class='ocrx_word' id='word_1_299' title='bbox 978 3769 1177 3815; x_wconf 89' lang='lat' dir='ltr'>nature</span> <span class='ocrx_word' id='word_1_300' title='bbox 1214 3759 1315 3816; x_wconf 91' lang='lat' dir='ltr'>but</span> <span class='ocrx_word' id='word_1_301' title='bbox 1351 3759 1429 3830; x_wconf 89' lang='lat' dir='ltr'>by</span> <span class='ocrx_word' id='word_1_302' title='bbox 1454 3761 1561 3814; x_wconf 87' lang='lat' dir='ltr'>law</span> <span class='ocrx_word' id='word_1_303' title='bbox 1597 3760 1636 3829; x_wconf 94' lang='lat'>(‘</span> <span class='ocrx_word' id='word_1_304' title='bbox 1653 3761 1748 3816; x_wconf 89' lang='lat' dir='ltr'>ubi</span> <span class='ocrx_word' id='word_1_305' title='bbox 1784 3761 2018 3817; x_wconf 87' lang='lat' dir='ltr'>omnino</span> <span class='ocrx_word' id='word_1_306' title='bbox 2051 3761 2312 3818; x_wconf 90' lang='lat' dir='ltr'>condicio</span> <span class='ocrx_word' id='word_1_307' title='bbox 2346 3761 2466 3818; x_wconf 86' lang='lat' dir='ltr'>iure</span> <span class='ocrx_word' id='word_1_308' title='bbox 2501 3763 2720 3834; x_wconf 86' lang='lat' dir='ltr'>impleri</span> <span class='ocrx_word' id='word_1_309' title='bbox 2757 3780 2872 3820; x_wconf 92' lang='lat' dir='ltr'>non</span> 
     </span>
     <span class='ocr_line' id='line_1_34' title="bbox 569 3841 2874 3917; baseline 0.002 -19"><span class='ocrx_word' id='word_1_310' title='bbox 569 3850 757 3913; x_wconf 83' lang='lat' dir='ltr'>potest</span> <span class='ocrx_word' id='word_1_311' title='bbox 794 3843 883 3898; x_wconf 90' lang='lat' dir='ltr'>vel</span> <span class='ocrx_word' id='word_1_312' title='bbox 920 3843 980 3899; x_wconf 93' lang='lat' dir='ltr'>id</span> <span class='ocrx_word' id='word_1_313' title='bbox 1014 3842 1203 3898; x_wconf 82' lang='lat' dir='ltr'>facere</span> <span class='ocrx_word' id='word_1_314' title='bbox 1237 3842 1289 3898; x_wconf 90' lang='lat' dir='ltr'>ei</span> <span class='ocrx_word' id='word_1_315' title='bbox 1326 3859 1443 3898; x_wconf 91' lang='lat' dir='ltr'>non</span> <span class='ocrx_word' id='word_1_316' title='bbox 1480 3841 1666 3912; x_wconf 88' lang='lat' dir='ltr'>liceat,</span> <span class='ocrx_word' id='word_1_317' title='bbox 1703 3843 1910 3900; x_wconf 87' lang='lat' dir='ltr'>nullius</span> <span class='ocrx_word' id='word_1_318' title='bbox 1953 3845 2228 3901; x_wconf 88' lang='lat' dir='ltr'>momenti</span> <span class='ocrx_word' id='word_1_319' title='bbox 2271 3846 2391 3900; x_wconf 83' lang='lat' dir='ltr'>fore</span> <span class='ocrx_word' id='word_1_320' title='bbox 2430 3845 2874 3917; x_wconf 87' lang='lat' dir='ltr'>stipulationem,</span> 
     </span>
     <span class='ocr_line' id='line_1_35' title="bbox 569 3924 2874 3998; baseline 0.003 -19"><span class='ocrx_word' id='word_1_321' title='bbox 569 3925 809 3996; x_wconf 85' lang='lat' dir='ltr'>proinde</span> <span class='ocrx_word' id='word_1_322' title='bbox 844 3941 913 3980; x_wconf 92' lang='lat' dir='ltr'>ac</span> <span class='ocrx_word' id='word_1_323' title='bbox 946 3925 995 3980; x_wconf 91' lang='lat' dir='ltr'>si</span> <span class='ocrx_word' id='word_1_324' title='bbox 1039 3942 1109 3982; x_wconf 83' lang='lat' dir='ltr'>ea</span> <span class='ocrx_word' id='word_1_325' title='bbox 1148 3924 1427 3993; x_wconf 89' lang='lat' dir='ltr'>condici0,</span> <span class='ocrx_word' id='word_1_326' title='bbox 1466 3942 1613 3996; x_wconf 86' lang='lat' dir='ltr'>quae</span> <span class='ocrx_word' id='word_1_327' title='bbox 1653 3936 1857 3983; x_wconf 83' lang='lat' dir='ltr'>natura</span> <span class='ocrx_word' id='word_1_328' title='bbox 1901 3927 2268 3998; x_wconf 88' lang='lat' dir='ltr'>impossibilis</span> <span class='ocrx_word' id='word_1_329' title='bbox 2303 3939 2408 3998; x_wconf 89' lang='lat' dir='ltr'>est,</span> <span class='ocrx_word' id='word_1_330' title='bbox 2445 3928 2658 3986; x_wconf 83' lang='lat' dir='ltr'>inserta</span> <span class='ocrx_word' id='word_1_331' title='bbox 2692 3932 2874 3986; x_wconf 85' lang='lat' dir='ltr'>esset²</span> 
     </span>
     <span class='ocr_line' id='line_1_36' title="bbox 571 4007 2874 4082; baseline 0.003 -20"><span class='ocrx_word' id='word_1_332' title='bbox 571 4009 706 4079; x_wconf 85' lang='lat' dir='ltr'>Dig.</span> <span class='ocrx_word' id='word_1_333' title='bbox 730 4021 817 4077; x_wconf 82' lang='lat'>45.</span> <span class='ocrx_word' id='word_1_334' title='bbox 852 4023 893 4063; x_wconf 85' lang='lat'>1.</span> <span class='ocrx_word' id='word_1_335' title='bbox 929 4021 1043 4077; x_wconf 87' lang='lat'>137:</span> <span class='ocrx_word' id='word_1_336' title='bbox 1069 4007 1145 4078; x_wconf 90' lang='lat'>6),</span> <span class='ocrx_word' id='word_1_337' title='bbox 1180 4023 1245 4064; x_wconf 90' lang='lat' dir='ltr'>or</span> <span class='ocrx_word' id='word_1_338' title='bbox 1281 4008 1359 4077; x_wconf 87' lang='lat' dir='ltr'>by</span> <span class='ocrx_word' id='word_1_339' title='bbox 1392 4008 1636 4078; x_wconf 88' lang='lat' dir='ltr'>positive</span> <span class='ocrx_word' id='word_1_340' title='bbox 1671 4009 1950 4080; x_wconf 87' lang='lat' dir='ltr'>morality,</span> <span class='ocrx_word' id='word_1_341' title='bbox 1978 4009 2006 4081; x_wconf 69' lang='grc' dir='ltr'><strong>ξ</strong></span> <span class='ocrx_word' id='word_1_342' title='bbox 2038 4027 2107 4078; x_wconf 88' lang='lat'>24</span> <span class='ocrx_word' id='word_1_343' title='bbox 2133 4010 2226 4067; x_wconf 79' lang='lat' dir='ltr'>ins.</span> <span class='ocrx_word' id='word_1_344' title='bbox 2299 4013 2355 4068; x_wconf 83' lang='lat' dir='ltr'><strong>A</strong></span> <span class='ocrx_word' id='word_1_345' title='bbox 2391 4011 2719 4082; x_wconf 86' lang='lat' dir='ltr'>stipulation</span> <span class='ocrx_word' id='word_1_346' title='bbox 2757 4031 2874 4070; x_wconf 86' lang='lat' dir='ltr'>was</span> 
     </span>
     <span class='ocr_line' id='line_1_37' title="bbox 568 4090 2874 4167; baseline 0.003 -21"><span class='ocrx_word' id='word_1_347' title='bbox 568 4090 846 4162; x_wconf 84' lang='lat' dir='ltr'>regarded</span> <span class='ocrx_word' id='word_1_348' title='bbox 882 4108 947 4146; x_wconf 89' lang='lat' dir='ltr'>as</span> <span class='ocrx_word' id='word_1_349' title='bbox 992 4090 1161 4161; x_wconf 87' lang='lat' dir='ltr'>‘pure</span> <span class='ocrx_word' id='word_1_350' title='bbox 1203 4090 1385 4146; x_wconf 81' lang='lat' dir='ltr'>sacta&#39;</span> <span class='ocrx_word' id='word_1_351' title='bbox 1426 4102 1526 4147; x_wconf 89' lang='lat' dir='ltr'>not</span> <span class='ocrx_word' id='word_1_352' title='bbox 1566 4093 1701 4162; x_wconf 91' lang='lat' dir='ltr'>only</span> <span class='ocrx_word' id='word_1_353' title='bbox 1741 4092 1790 4147; x_wconf 85' lang='lat' dir='ltr'>if</span> <span class='ocrx_word' id='word_1_354' title='bbox 1823 4094 1922 4150; x_wconf 89' lang='lat' dir='ltr'>the</span> <span class='ocrx_word' id='word_1_355' title='bbox 1966 4093 2256 4150; x_wconf 88' lang='lat' dir='ltr'>condition</span> <span class='ocrx_word' id='word_1_356' title='bbox 2293 4111 2409 4151; x_wconf 86' lang='lat' dir='ltr'>was</span> <span class='ocrx_word' id='word_1_357' title='bbox 2458 4112 2762 4166; x_wconf 84' lang='lat' dir='ltr'>necessary</span> <span class='ocrx_word' id='word_1_358' title='bbox 2794 4097 2874 4167; x_wconf 88' lang='lat' dir='ltr'>by</span> 
     </span>
     <span class='ocr_line' id='line_1_38' title="bbox 568 4173 2872 4249; baseline 0.002 -19"><span class='ocrx_word' id='word_1_359' title='bbox 568 4184 769 4230; x_wconf 88' lang='lat' dir='ltr'>nature</span> <span class='ocrx_word' id='word_1_360' title='bbox 797 4175 866 4244; x_wconf 90' lang='lat' dir='ltr'>(e.</span> <span class='ocrx_word' id='word_1_361' title='bbox 880 4191 935 4243; x_wconf 83' lang='lat' dir='ltr'>g.</span> <span class='ocrx_word' id='word_1_362' title='bbox 962 4173 1011 4230; x_wconf 84' lang='lat' dir='ltr'>si</span> <span class='ocrx_word' id='word_1_363' title='bbox 1038 4173 1215 4244; x_wconf 79' lang='lat' dir='ltr'>digito</span> <span class='ocrx_word' id='word_1_364' title='bbox 1240 4177 1461 4232; x_wconf 85' lang='lat' dir='ltr'>caelum</span> <span class='ocrx_word' id='word_1_365' title='bbox 1486 4193 1603 4232; x_wconf 89' lang='lat' dir='ltr'>non</span> <span class='ocrx_word' id='word_1_366' title='bbox 1629 4175 1912 4248; x_wconf 85' lang='lat' dir='ltr'>attigero),</span> <span class='ocrx_word' id='word_1_367' title='bbox 1936 4176 2039 4232; x_wconf 93' lang='lat' dir='ltr'>but</span> <span class='ocrx_word' id='word_1_368' title='bbox 2065 4178 2187 4233; x_wconf 87' lang='lat' dir='ltr'>also</span> <span class='ocrx_word' id='word_1_369' title='bbox 2213 4177 2261 4232; x_wconf 83' lang='lat' dir='ltr'>if</span> <span class='ocrx_word' id='word_1_370' title='bbox 2279 4177 2320 4234; x_wconf 90' lang='lat' dir='ltr'>it</span> <span class='ocrx_word' id='word_1_371' title='bbox 2347 4195 2464 4234; x_wconf 86' lang='lat' dir='ltr'>was</span> <span class='ocrx_word' id='word_1_372' title='bbox 2489 4195 2792 4249; x_wconf 83' lang='lat' dir='ltr'>necessary</span> <span class='ocrx_word' id='word_1_373' title='bbox 2813 4178 2872 4234; x_wconf 89' lang='lat' dir='ltr'>in</span> 
     </span>
     <span class='ocr_line' id='line_1_39' title="bbox 567 4257 1270 4328; baseline 0.004 -17"><span class='ocrx_word' id='word_1_374' title='bbox 567 4258 691 4327; x_wconf 87' lang='lat' dir='ltr'>law,</span> <span class='ocrx_word' id='word_1_375' title='bbox 720 4257 853 4328; x_wconf 82' lang='lat' dir='ltr'>Dig.</span> <span class='ocrx_word' id='word_1_376' title='bbox 880 4257 963 4314; x_wconf 74' lang='lat'>28.</span> <span class='ocrx_word' id='word_1_377' title='bbox 992 4270 1040 4325; x_wconf 92' lang='lat'>7.</span> <span class='ocrx_word' id='word_1_378' title='bbox 1070 4273 1153 4314; x_wconf 87' lang='lat'>20.</span> <span class='ocrx_word' id='word_1_379' title='bbox 1180 4275 1270 4328; x_wconf 88' lang='lat' dir='ltr'>pr.</span> 
     </span>
    </p>

    <p class='ocr_par' dir='ltr' id='par_1_6' title="bbox 571 4341 2870 4494">
     <span class='ocr_line' id='line_1_40' title="bbox 639 4341 2870 4414; baseline 0.002 -16"><span class='ocrx_word' id='word_1_380' title='bbox 639 4342 669 4409; x_wconf 85' lang='lat'>§</span> <span class='ocrx_word' id='word_1_381' title='bbox 698 4344 791 4398; x_wconf 77' lang='lat'>12.</span> <span class='ocrx_word' id='word_1_382' title='bbox 828 4342 939 4400; x_wconf 88' lang='lat' dir='ltr'>See</span> <span class='ocrx_word' id='word_1_383' title='bbox 971 4351 1106 4400; x_wconf 87' lang='lat' dir='ltr'>note</span> <span class='ocrx_word' id='word_1_384' title='bbox 1139 4358 1214 4399; x_wconf 87' lang='lat' dir='ltr'>on</span> <span class='ocrx_word' id='word_1_385' title='bbox 1241 4341 1351 4398; x_wconf 90' lang='lat' dir='ltr'>Tit.</span> <span class='ocrx_word' id='word_1_386' title='bbox 1386 4355 1463 4413; x_wconf 83' lang='lat'>15.</span> <span class='ocrx_word' id='word_1_387' title='bbox 1498 4357 1519 4399; x_wconf 88' lang='lat'>1</span> <span class='ocrx_word' id='word_1_388' title='bbox 1552 4359 1701 4414; x_wconf 88' lang='lat' dir='ltr'>supr.</span> <span class='ocrx_word' id='word_1_389' title='bbox 1775 4343 1901 4402; x_wconf 89' lang='lat' dir='ltr'>The</span> <span class='ocrx_word' id='word_1_390' title='bbox 1938 4342 2305 4402; x_wconf 87' lang='lat' dir='ltr'>constitution</span> <span class='ocrx_word' id='word_1_391' title='bbox 2343 4345 2594 4402; x_wconf 86' lang='lat' dir='ltr'>referred</span> <span class='ocrx_word' id='word_1_392' title='bbox 2629 4354 2690 4401; x_wconf 91' lang='lat' dir='ltr'>to</span> <span class='ocrx_word' id='word_1_393' title='bbox 2729 4345 2777 4402; x_wconf 81' lang='lat' dir='ltr'>is</span> <span class='ocrx_word' id='word_1_394' title='bbox 2811 4345 2870 4402; x_wconf 89' lang='lat' dir='ltr'>in</span> 
     </span>
     <span class='ocr_line' id='line_1_41' title="bbox 571 4425 1015 4494; baseline -0.007 -13"><span class='ocrx_word' id='word_1_395' title='bbox 571 4425 712 4481; x_wconf 91' lang='lat' dir='ltr'>Cod.</span> <span class='ocrx_word' id='word_1_396' title='bbox 738 4426 786 4481; x_wconf 91' lang='lat'>8.</span> <span class='ocrx_word' id='word_1_397' title='bbox 816 4427 902 4494; x_wconf 90' lang='lat'>38.</span> <span class='ocrx_word' id='word_1_398' title='bbox 934 4440 1015 4493; x_wconf 84' lang='lat'>14.</span> 
     </span>
    </p>

    <p class='ocr_par' dir='ltr' id='par_1_7' title="bbox 638 4507 2869 4584">
     <span class='ocr_line' id='line_1_42' title="bbox 638 4507 2869 4584; baseline 0.003 -20"><span class='ocrx_word' id='word_1_399' title='bbox 638 4511 669 4579; x_wconf 82' lang='lat'>§</span> <span class='ocrx_word' id='word_1_400' title='bbox 698 4511 786 4566; x_wconf 81' lang='lat'>13.</span> <span class='ocrx_word' id='word_1_401' title='bbox 822 4511 879 4566; x_wconf 88' lang='lat' dir='ltr'>A</span> <span class='ocrx_word' id='word_1_402' title='bbox 902 4507 1231 4581; x_wconf 84' lang='lat' dir='ltr'>stipulation</span> <span class='ocrx_word' id='word_1_403' title='bbox 1256 4508 1343 4566; x_wconf 82' lang='lat' dir='ltr'>for</span> <span class='ocrx_word' id='word_1_404' title='bbox 1366 4523 1728 4584; x_wconf 85' lang='lat' dir='ltr'>conveyance</span> <span class='ocrx_word' id='word_1_405' title='bbox 1753 4520 1813 4567; x_wconf 91' lang='lat' dir='ltr'>to</span> <span class='ocrx_word' id='word_1_406' title='bbox 1845 4527 1954 4568; x_wconf 86' lang='lat' dir='ltr'>one</span> <span class='ocrx_word' id='word_1_407' title='bbox 1989 4509 2134 4568; x_wconf 77' lang='lat' dir='ltr'>after</span> <span class='ocrx_word' id='word_1_408' title='bbox 2157 4512 2312 4568; x_wconf 83' lang='lat' dir='ltr'>one’s</span> <span class='ocrx_word' id='word_1_409' title='bbox 2345 4509 2520 4572; x_wconf 84' lang='lat' dir='ltr'>death</span> <span class='ocrx_word' id='word_1_410' title='bbox 2545 4511 2594 4568; x_wconf 91' lang='lat' dir='ltr'>is</span> <span class='ocrx_word' id='word_1_411' title='bbox 2619 4509 2680 4571; x_wconf 85' lang='lat' dir='ltr'>in</span> <span class='ocrx_word' id='word_1_412' title='bbox 2701 4511 2869 4570; x_wconf 81' lang='lat' dir='ltr'>effect</span> 
     </span>
    </p>
   </div>
  </div>
 </body>
</html>
