3230 5116
380 444 483 495 Tit.
508 437 611 507 24]
790 434 915 493 DE
954 432 1167 489 LOCA
1179 432 1441 489 TIONE
1480 433 1601 489 ET
1645 432 1694 489 C
1694 433 1869 489 OND
1878 432 1980 490 Uc
1983 434 2074 489 TI
2069 434 2258 493 ONE.
2546 438 2677 511 425

380 620 517 671 non
562 596 825 683 proprie
864 597 1107 665 locatio
1138 606 1207 665 et
1250 599 1603 664 conductio
1631 598 1929 665 contrahi
1974 599 2389 683 intellegitur,
2433 601 2551 666 sed
2597 620 2679 665 eo

384 705 650 769 nomine
680 703 1100 787 praescriptis
1128 704 1347 768 verbis
1386 705 1561 771 actio
1590 704 1805 769 datur.
1896 705 2242 771 Praeterea
2277 705 2444 770 sicut
2478 705 2678 789 vulgo
2704 710 2738 765 2

383 806 839 891 quaerebatur,
888 826 976 870 an
1035 807 1429 890 permutatis
1487 808 1681 874 rebus
1741 808 1994 892 emptio
2045 816 2114 873 et
2167 808 2468 873 venditio
2527 828 2681 873 con-

382 912 702 979 trahitur:
762 912 857 977 ita
901 911 1127 994 quaeri
1178 910 1436 977 solebat
1485 913 1571 977 de
1621 913 1952 979 locatione
1999 921 2067 978 et
2119 912 2572 991 conductione,
2623 912 2680 975 si

380 1016 555 1083 forte
602 1036 738 1082 rem
783 1016 1073 1102 aliquam
1122 1016 1246 1081 tibi
1294 1018 1609 1083 utendam
1658 1018 1795 1083 sive
1842 1016 2187 1083 fruendam
2231 1017 2381 1101 quis
2421 1016 2682 1081 dederit

384 1131 453 1189 et
492 1122 773 1185 invicem
819 1141 860 1185 a
902 1130 971 1183 te
1009 1119 1209 1184 aliam
1247 1122 1565 1187 utendam
1600 1122 1742 1187 sive
1783 1122 2129 1187 fruendam
2173 1122 2522 1203 acceperit.
2611 1130 2681 1185 et

382 1226 631 1309 placuit
675 1244 807 1289 non
846 1244 993 1291 esse
1044 1223 1441 1291 locationem
1490 1236 1559 1292 et
1606 1229 2132 1307 conductionem,
2175 1228 2293 1291 sed
2343 1225 2682 1309 proprium

378 1350 595 1413 genus
654 1350 797 1395 esse
856 1336 1245 1395 contractus.
1334 1330 1542 1397 veluti
1607 1332 1686 1409 si,
1747 1352 1900 1396 cum
1960 1352 2162 1395 unum
2220 1331 2370 1414 quis
2439 1330 2680 1394 bovem

383 1434 658 1499 haberet
698 1443 766 1499 et
804 1434 1054 1499 vicinus
1084 1433 1224 1497 eius
1255 1454 1477 1513 unum,
1509 1434 1827 1518 placuerit
1857 1438 2027 1501 inter
2056 1457 2192 1513 eos,
2221 1444 2296 1499 ut
2327 1454 2446 1517 per
2474 1435 2682 1499 denos

377 1538 527 1603 dies
571 1538 851 1601 invicem
897 1536 1101 1601 boves
1145 1539 1662 1618 commodarent,
1707 1549 1782 1604 ut
1823 1561 1994 1624 opus
2038 1539 2344 1617 facerent,
2390 1547 2458 1601 et
2501 1536 2682 1620 apud

380 1642 663 1707 alterum
710 1641 834 1705 bos
890 1642 1122 1724 periit:
1186 1662 1401 1725 neque
1460 1643 1658 1709 locati
1701 1643 1808 1709 vel
1860 1643 2168 1709 conducti
2227 1664 2442 1725 neque
2501 1662 2682 1705 com-

382 1746 638 1813 modati
669 1747 989 1829 competit
1018 1745 1215 1821 actio,
1246 1748 1401 1829 quia
1431 1767 1563 1812 non
1602 1747 1727 1812 fuit
1761 1750 2122 1831 gratuitum
2163 1746 2682 1826 commodatum,

382 1869 611 1919 verum
676 1849 1097 1932 praescriptis
1167 1850 1387 1916 verbis
1448 1852 1783 1933 agendum
1838 1859 1956 1917 est.
2061 1851 2260 1916 Adeo
2311 1858 2538 1915 autem
2585 1849 2680 1913 sa·
2709 1858 2743 1912 3

385 1954 832 2019 miliaritatem
900 1952 1189 2037 aliquam
1251 1954 1421 2019 inter
1478 1977 1549 2019 se
1617 1955 1863 2022 habere
1924 1957 2234 2021 videntur
2291 1954 2544 2036 emptio
2613 1964 2682 2018 et

380 2058 694 2137 venditi0,
746 2057 907 2123 item
954 2056 1197 2123 locatio
1245 2066 1311 2123 et
1360 2059 1730 2137 conductio,
1775 2070 1850 2125 ut
1907 2060 1974 2124 in
2021 2058 2420 2141 quibusdam
2468 2058 2682 2121 causis

378 2163 608 2245 quaeri
638 2161 861 2236 soleat,
894 2170 1115 2225 utrum
1147 2162 1400 2244 emptio
1430 2172 1497 2227 et
1525 2164 1824 2229 venditio
1851 2162 2289 2239 contrahatur,
2321 2182 2409 2227 an
2439 2161 2681 2225 locatio

385 2275 453 2331 et
484 2267 854 2331 conductio,
942 2275 1017 2330 ut
1058 2286 1211 2331 ecce
1253 2268 1339 2330 de
1378 2269 1683 2349 praediis,
1715 2289 1889 2352 quae
1929 2278 2247 2352 perpetuo
2283 2266 2680 2350 quibusdam

380 2370 659 2435 fruenda
702 2371 1067 2449 traduntur,
1104 2370 1171 2435 id
1213 2379 1313 2436 est
1350 2380 1451 2451 ut,
1470 2374 1788 2455 quamdiu
1831 2373 2061 2457 pensio
2102 2373 2239 2437 sive
2275 2372 2524 2435 reditus
2561 2390 2681 2452 pro

381 2472 487 2540 his
540 2475 811 2541 domino
864 2483 1254 2556 praestetur,
1311 2495 1526 2557 neque
1574 2477 1698 2560 ipsi
1749 2477 2134 2541 conductori
2187 2495 2403 2557 neque
2453 2472 2680 2539 heredi

380 2579 541 2657 eiuS,
572 2578 759 2642 cuive
788 2577 1151 2642 conductor
1191 2578 1464 2644 heresve
1505 2580 1646 2649 eius
1686 2580 1752 2645 id
1795 2583 2139 2666 praedium
2168 2578 2538 2644 vendiderit
2567 2585 2683 2642 aut

385 2682 730 2747 donaverit
751 2692 867 2746 aut
891 2682 1067 2746 dotis
1091 2682 1355 2746 nomine
1379 2683 1637 2748 dederit
1659 2685 1872 2749 aliove
1896 2706 2029 2768 quo
2056 2683 2256 2749 modo
2279 2681 2678 2758 alienaverit,

381 2785 634 2852 auferre
680 2785 893 2852 liceat.
982 2787 1100 2851 sed
1147 2786 1299 2852 talis
1345 2797 1738 2866 contractuS,
1789 2790 1944 2872 quia
1989 2789 2160 2854 inter
2193 2797 2449 2852 veteres
2489 2785 2682 2850 dubi-

385 2890 654 2956 tabatur
710 2899 779 2955 et
836 2911 877 2954 a
928 2890 1325 2973 quibusdem
1370 2890 1626 2968 locati0,
1675 2914 1716 2958 a
1757 2893 2155 2976 quibusdam
2210 2889 2506 2955 venditio
2557 2909 2679 2953 ex·

384 2995 839 3059 istimabatur:
900 2995 1016 3059 lex
1088 2995 1468 3059 Zenoniana
1524 2995 1666 3060 lata
1734 3005 1858 3073 est,
1929 3017 2100 3080 quae
2167 2993 2681 3078 emphyteuseos

384 3101 749 3164 contractui
810 3100 1144 3182 propriam
1206 3101 1439 3166 statuit
1497 3110 1802 3166 naturam
1861 3121 2077 3184 neque
2134 3099 2221 3164 ad
2281 3099 2682 3163 locationem

384 3224 601 3287 neque
678 3205 763 3268 ad
839 3205 1289 3270 venditionem
1362 3205 1806 3286 inclinantem,
1877 3206 1993 3269 sed
2063 3206 2200 3268 suis
2268 3201 2682 3287 pactionibus

382 3307 801 3386 fulciendam,
863 3318 932 3374 et
1004 3307 1060 3374 si
1132 3307 1401 3392 quidem
1470 3308 1727 3392 aliquid
1799 3318 2070 3392 pactum
2130 3308 2340 3385 suerit,
2403 3305 2528 3370 hoc
2589 3305 2684 3370 ita

382 3413 700 3496 optinere,
740 3433 819 3477 ac
858 3413 911 3476 si
957 3412 1275 3477 naturalis
1320 3422 1495 3477 esset
1538 3423 1934 3493 contractus,
1974 3413 2076 3480 sin
2119 3421 2345 3476 autem
2393 3410 2552 3476 nihil
2596 3411 2684 3474 de

386 3517 676 3600 periculo
720 3517 810 3582 rei
852 3517 1045 3584 fuerit
1079 3527 1368 3600 pactum,
1398 3525 1558 3582 tunc
1594 3518 1648 3582 si
1691 3517 1960 3602 quidem
1999 3519 2204 3583 totius
2247 3517 2338 3580 rei
2379 3515 2684 3581 interitus

385 3622 747 3700 accesserit,
794 3621 882 3685 ad
927 3622 1269 3687 dominum
1314 3643 1513 3706 super
1558 3621 1686 3687 hoc
1735 3624 2106 3688 redundare
2150 3621 2534 3706 peric-ulum,
2583 3621 2686 3684 sin

384 3725 811 3808 particularis
842 3725 931 3790 ad
974 3723 1640 3808 emphyteuticarium
1681 3725 2058 3791 huiusmodi
2097 3727 2416 3791 damnum
2443 3723 2686 3788 venire.

386 3977 695 4048 nominate,
715 3996 770 4050 p.
790 3980 895 4049 386
914 3997 1062 4050 supr.
1106 3980 1166 4034 If
1182 3979 1325 4036 aster
1348 3978 1561 4050 having
1584 3979 1682 4036 lest
1707 3980 1806 4034 the
1831 3978 2248 4035 remuneration
2273 3989 2335 4034 to
2353 3980 2426 4036 be
2447 3980 2594 4036 fixed
2609 3981 2688 4050 by

386 4063 733 4134 subsequent
762 4074 1160 4134 arrangement
1196 4064 1453 4120 between
1478 4063 1820 4119 themselves
1845 4063 1945 4118 the
1977 4063 2191 4134 parties.
2211 4080 2358 4119 were
2396 4064 2602 4119 unable
2627 4074 2688 4120 to

384 4162 551 4205 come
592 4155 653 4201 to
688 4156 881 4216 terms,
918 4148 1017 4204 the
1053 4147 1190 4204 fullo
1233 4163 1299 4203 or
1340 4146 1653 4204 sarcinator
1693 4146 1863 4202 could
1901 4145 2069 4217 bring
2109 4164 2182 4202 an
2223 4146 2374 4202 actio
2413 4147 2686 4218 mandati,

385 4228 504 4290 Tit.
531 4230 617 4286 26.
650 4245 712 4298 13
738 4230 835 4290 inf,

453 4314 487 4381 ὁ
515 4316 570 4370 2.
613 4314 724 4372 See
750 4313 862 4370 Tit.
890 4329 978 4383 23.
1004 4329 1037 4368 2
1062 4313 1178 4368 and
1201 4321 1385 4381 noteS,
1410 4329 1564 4384 supr.

456 4399 489 4466 ς
516 4401 571 4454 3.
610 4399 727 4454 For
750 4399 847 4454 the
872 4398 1089 4468 history
1113 4397 1229 4454 and
1264 4407 1465 4452 nature
1500 4396 1567 4452 of
1594 4395 1982 4467 emphyteusis
2007 4413 2104 4452 see
2135 4414 2186 4468 p.
2207 4411 2313 4466 313
2337 4413 2489 4466 supr.
2561 4397 2688 4451 Tine

386 4492 739 4539 enactments
778 4482 844 4536 of
870 4483 1023 4540 Zeno
1059 4481 1175 4538 and
1210 4479 1493 4551 justinian
1533 4479 1632 4536 did
1669 4491 1768 4536 not
1805 4481 1890 4550 (as
1931 4483 2041 4535 Mr.
2071 4483 2257 4550 Poste,
2293 4497 2368 4534 on
2403 4479 2582 4535 Gaius
2609 4478 2683 4536 iii.

392 4580 457 4636 14
462 4578 509 4637 5,
536 4565 853 4638 supposes),
878 4565 1100 4638 require
1118 4583 1155 4623 a
1172 4565 1389 4636 written
1409 4564 1564 4622 lease
1582 4565 1670 4620 for
1687 4565 1784 4620 the
1804 4564 2130 4621 conclusion
2150 4565 2217 4621 of
2231 4564 2329 4622 the
2347 4571 2602 4618 contract
2627 4561 2685 4617 in
