3230 5116
555 376 598 447 5
599 380 684 449 52
963 368 1114 425 INS
1117 368 1261 424 TIT
1269 366 1673 424 UTIONUM
1706 363 1948 419 LIBRI
1984 362 2151 433 QUA
2164 358 2453 417 TTUOR.
2608 356 2741 425 [Lib.
2768 358 2856 409 W.

461 555 528 607 34
561 538 636 604 Si
673 538 892 600 minus
931 535 998 599 in
1039 536 1404 601 intentione
1443 531 1837 615 complexus
1880 530 2077 595 fuerit
2118 540 2320 605 actor,
2352 548 2551 611 quam
2581 527 2669 591 ad
2700 544 2857 589 eum

561 643 938 725 pertineret,
985 641 1188 703 veluti
1231 641 1306 717 si,
1351 658 1504 703 cum
1551 638 1612 700 ei
1660 636 1895 699 decem
1942 635 2351 708 deberentur,
2398 632 2687 715 quinque
2728 629 2857 691 sibi

559 744 704 809 dari
763 752 1070 827 oportere
1129 742 1502 816 intenderit,
1555 748 1675 803 aut
1726 758 1879 803 cum
1932 748 2113 803 totus
2170 736 2411 800 fundus
2462 738 2601 799 eius
2658 740 2856 803 esset.

563 856 820 931 partem
873 847 1218 911 dimidiam
1271 865 1462 909 suam
1511 865 1659 909 esse
1708 844 1991 926 petierit,
2038 842 2179 905 sine
2224 840 2513 923 periculo
2562 838 2737 919 agit:
2792 837 2859 897 in

565 952 892 1034 reliquum
951 952 1130 1015 enim
1189 949 1396 1013 nihilo
1459 949 1676 1011 minus
1736 948 1941 1011 iudex
2000 946 2443 1009 adversarium
2504 943 2569 1006 in
2620 942 2859 1005 eodem

469 1062 538 1117 35
567 1055 811 1119 iudicio
839 1054 1243 1119 condemnat
1279 1074 1370 1117 ex
1411 1052 1883 1117 constitutione
1922 1052 2113 1114 divae
2160 1050 2517 1113 memoriae
2556 1045 2859 1110 Zenonis.

569 1158 642 1224 Si
689 1158 838 1241 quis
873 1158 1050 1221 aliud
1089 1178 1210 1240 pro
1253 1157 1384 1220 alio
1430 1154 1805 1229 intenderit,
1838 1155 1998 1217 nihil
2040 1174 2193 1217 eum
2239 1152 2585 1235 periclitari
2627 1150 2860 1233 placet,

568 1264 686 1325 sed
719 1262 785 1325 in
819 1262 1058 1325 eodem
1099 1260 1341 1323 iudicio
1371 1260 1639 1342 cognita
1668 1258 1949 1322 veritate
1988 1276 2273 1321 errorem
2312 1274 2503 1318 suum
2542 1254 2860 1335 corrigere

571 1366 632 1429 ei
677 1364 1139 1447 permittimus,
1169 1363 1374 1427 veluti
1413 1364 1468 1427 si
1513 1362 1588 1441 is,
1618 1362 1733 1445 qui
1774 1362 2113 1425 hominem
2154 1359 2457 1424 Stichum
2498 1368 2718 1439 petere
2744 1356 2864 1419 de-

574 1470 782 1543 beret,
837 1466 1112 1529 Erotem
1165 1465 1444 1547 petierit,
1499 1476 1614 1531 aut
1670 1466 1723 1529 si
1774 1467 1923 1547 quis
1974 1486 2063 1529 ex
2110 1470 2511 1528 testamento
2554 1461 2678 1524 sibi
2724 1460 2863 1522 dari

571 1580 882 1653 oportere
907 1570 1283 1644 intenderit,
1314 1572 1494 1652 quod
1519 1590 1608 1633 ex
1632 1568 1953 1652 stipulatu
1975 1568 2275 1631 debetur.

479 1688 550 1743 36
668 1672 842 1738 Sunt
871 1682 1218 1757 praeterea
1243 1674 1576 1756 quaedam
1613 1676 1925 1750 actiones,
1954 1671 2193 1755 quibus
2222 1690 2355 1734 non
2383 1669 2665 1733 solidum
2689 1668 2867 1750 quod

576 1777 862 1842 debetur
907 1777 1096 1841 nobis
1139 1778 1609 1861 persequimur,
1658 1778 1777 1841 sed
1826 1777 2027 1840 modo
2068 1774 2353 1839 solidum
2397 1771 2871 1855 consequimur,

581 1884 782 1945 modo
807 1882 1042 1945 minus.
1092 1892 1166 1945 ut
1191 1902 1344 1947 ecce
1365 1882 1420 1943 si
1447 1882 1508 1943 in
1535 1881 1865 1963 peculium
1886 1879 2001 1943 filii
2020 1880 2268 1943 servive
2292 1897 2599 1959 agamus:
2642 1895 2791 1939 nam
2816 1876 2873 1937 si

581 2004 714 2049 non
747 1986 962 2048 minus
993 1986 1056 2048 in
1089 1984 1348 2067 peculio
1389 1986 1498 2060 sit,
1527 2006 1729 2067 quarn
1776 1984 2243 2066 persequimur,
2273 1984 2339 2045 in
2376 1981 2657 2045 solidum
2688 1989 2877 2061 pater

579 2087 973 2152 dominusve
991 2089 1508 2152 condemnatur:
1541 2087 1596 2151 si
1613 2107 1773 2151 vero
1796 2088 2012 2151 minus
2033 2086 2413 2163 inveniatur,
2432 2094 2703 2148 eatenus
2724 2102 2875 2147 con-

581 2192 856 2256 demnat
885 2192 1106 2270 iudex,
1137 2202 1466 2274 quatenus
1496 2192 1560 2254 in
1594 2191 1853 2274 peculio
1893 2192 1999 2254 sit.
2061 2189 2624 2273 quemadmodum
2655 2196 2877 2251 autem

489 2314 558 2369 37
584 2294 916 2379 peculium
941 2295 1232 2377 intellegi
1257 2296 1523 2372 debeat,
1547 2318 1669 2359 suo
1691 2297 1923 2359 ordine
1946 2314 2413 2379 proponemus.
2502 2292 2677 2356 Item
2706 2291 2756 2355 si
2792 2290 2878 2354 de

583 2398 742 2462 dote
755 2380 1014 2461 'iudicio
1049 2399 1281 2462 mulier
1308 2408 1483 2482 agat,
1516 2400 1740 2481 placet
1781 2410 2056 2463 eatenus
2102 2398 2414 2463 maritum
2460 2393 2883 2460 condemnari

586 2502 846 2579 debere,
871 2509 1202 2584 quatenus
1231 2502 1446 2568 facere
1483 2505 1709 2586 possit,
1740 2503 1808 2566 id
1852 2513 1954 2568 est
1992 2512 2317 2587 quatenus
2356 2500 2707 2565 facultates
2745 2497 2881 2562 eius

589 2603 948 2687 patiuntur.
1058 2605 1284 2688 itaque
1337 2607 1389 2670 si
1452 2607 1629 2671 dotis
1688 2609 2043 2690 quantitati
2096 2614 2482 2672 concurrant
2539 2601 2885 2668 facultates

593 2708 752 2783 eius,
809 2707 875 2772 in
935 2707 1221 2773 solidum
1273 2712 1665 2775 damnatur:
1722 2713 1779 2774 si
1833 2713 2066 2788 minus,
2130 2711 2197 2774 in
2256 2719 2516 2774 tantum
2569 2715 2885 2792 quantum

593 2975 874 3032 restitutio
913 2995 1028 3034 was
1068 2979 1310 3050 granted
1349 2981 1483 3049 only
1521 2979 1667 3036 aster
1704 2998 1741 3036 a
1780 2982 1989 3036 careful
2032 2980 2255 3054 inquiry
2297 2982 2375 3052 by
2410 2981 2509 3037 the
2556 2990 2794 3051 praetor,
2830 2977 2888 3034 in

595 3063 778 3118 which
816 3064 957 3120 both
992 3067 1168 3123 laesio
1205 3066 1320 3121 and
1358 3066 1508 3122 iusta
1543 3083 1717 3122 causa
1754 3069 1869 3122 had
1906 3078 1965 3124 to
2001 3068 2074 3122 be
2106 3069 2321 3139 proved
2345 3070 2423 3138 by
2446 3069 2544 3123 the
2567 3067 2848 3138 applicant
2875 3082 2891 3131 ;

601 3146 783 3203 under
805 3148 1089 3217 Justinian
1115 3151 1212 3205 the
1238 3165 1470 3220 process
1495 3167 1609 3205 was
1636 3151 1759 3206 that
1785 3151 1851 3204 of
1866 3169 1941 3206 an
1962 3151 2229 3221 ordinary
2246 3151 2454 3219 action,
2472 3152 2569 3207 the
2595 3150 2892 3205 difference

597 3230 658 3286 in
683 3231 781 3286 the
804 3232 1039 3302 remedy
1062 3233 1236 3303 being
1259 3251 1335 3289 no
1359 3235 1558 3303 longer
1581 3233 1800 3303 formal,
1826 3235 1927 3290 but
1953 3235 2211 3290 material
2236 3235 2383 3303 only.

673 3312 701 3385 ξ
729 3317 825 3370 84.
869 3316 936 3369 In
963 3314 1150 3371 minus
1175 3316 1390 3387 petitio,
1416 3317 1596 3372 under
1620 3319 1717 3373 the
1741 3317 2048 3388 formulary
2070 3329 2303 3388 system,
2327 3318 2425 3373 the
2456 3315 2707 3387 plaintiff
2732 3313 2895 3370 could

601 3415 701 3454 sue
725 3399 813 3453 for
834 3400 934 3456 the
958 3398 1182 3456 residue
1209 3400 1266 3455 in
1301 3418 1337 3455 a
1361 3401 1707 3471 subsequent
1733 3400 1940 3470 action,
1966 3402 2200 3472 though,
2226 3401 2276 3456 if
2303 3403 2376 3456 he
2400 3401 2715 3470 attempted
2738 3410 2797 3455 to
2822 3398 2896 3452 do

601 3481 714 3536 this
739 3480 796 3535 in
823 3481 921 3537 the
947 3498 1104 3536 same
1129 3499 1265 3552 year
1283 3484 1348 3537 of
1363 3485 1736 3555 praetorship,
1756 3485 1829 3539 he
1848 3484 2034 3539 would
2057 3484 2131 3538 be
2156 3484 2418 3540 defeated
2436 3484 2513 3552 by
2530 3485 2627 3538 the
2646 3480 2899 3553 exceptio

600 3562 714 3619 litis
758 3562 1040 3634 dividuae,
1086 3566 1263 3622 Gaius
1302 3566 1375 3622 iv.
1424 3568 1506 3636 56,
1556 3583 1673 3622 122.
1750 3567 2051 3636 Similarly,
2090 3567 2145 3637 if,
2183 3567 2395 3638 having
2430 3568 2649 3623 several
2683 3565 2899 3622 actions

602 3645 824 3716 against
863 3647 961 3703 the
997 3665 1156 3703 same
1194 3649 1517 3719 defendant,
1543 3651 1618 3706 he
1654 3651 1899 3721 brought
1936 3667 2045 3705 one
2083 3667 2145 3704 or
2182 3667 2343 3705 some
2367 3651 2561 3706 before
2584 3667 2695 3704 one
2720 3648 2899 3717 iudex,

601 3729 703 3785 but
729 3731 1050 3800 postponed
1075 3733 1171 3787 the
1197 3743 1310 3787 rest
1335 3734 1548 3803 merely
1571 3744 1632 3789 to
1658 3751 1847 3803 annoy
1872 3734 1961 3789 his
1985 3745 2292 3804 opponent,
2314 3735 2385 3789 he
2407 3735 2576 3789 could
2594 3732 2787 3788 within
2806 3733 2902 3786 the

605 3828 764 3866 same
802 3812 1157 3884 praetorship
1198 3814 1270 3869 be
1308 3825 1423 3870 met
1460 3815 1537 3884 by
1575 3816 1672 3870 the
1709 3816 1967 3887 exceptio
2003 3816 2118 3872 litis
2153 3816 2432 3886 residuae,
2468 3816 2647 3872 Gaius
2677 3817 2784 3870 loc.
2810 3814 2905 3870 cit.

605 3898 801 3952 Zeno's
836 3906 1179 3966 enactment,
1207 3897 1390 3952 which
1424 3899 1670 3954 enabled
1702 3901 1799 3956 the
1837 3901 2088 3971 plaintiff
2114 3910 2173 3956 to
2206 3901 2405 3971 rectify
2432 3901 2517 3956 his
2548 3916 2701 3954 error
2725 3899 2783 3954 in
2808 3899 2905 3954 the

608 3994 807 4035 course
833 3979 898 4033 of
915 3978 1004 4034 his
1029 3978 1268 4049 original
1295 3979 1503 4050 action,
1530 3981 1578 4037 is
1604 3981 1663 4036 in
1692 3983 1831 4038 cod.
1860 3999 1911 4052 3.
1944 4000 2026 4039 10.
2058 3999 2098 4038 1.
2129 3998 2179 4053 3.

682 4058 709 4132 §
737 4063 837 4116 85.
874 4062 1119 4132 Though
1156 4063 1254 4118 the
1287 4065 1406 4120 rule
1439 4065 1556 4120 had
1585 4067 1735 4121 been
1760 4067 2090 4137 practically
2113 4069 2211 4123 the
2237 4084 2397 4122 same
2422 4067 2604 4122 under
2626 4067 2725 4122 the
2750 4065 2909 4121 older

609 4155 840 4214 system,
885 4144 927 4199 it
978 4162 1092 4201 was
1140 4164 1444 4218 necessary
1485 4150 1623 4204 then
1673 4159 1733 4204 to
1784 4167 2117 4206 commence
2165 4168 2201 4205 a
2249 4151 2403 4205 fresh
2453 4150 2643 4207 action
2692 4147 2826 4203 with
2874 4164 2909 4203 a

609 4228 903 4284 corrected
937 4228 1193 4299 formula,
1222 4231 1402 4286 Gaius
1425 4231 1498 4286 iv.
1528 4245 1592 4302 55
1617 4251 1630 4287 2
1670 4233 1885 4304 ‘primo
1910 4234 2137 4289 vinculo
2170 4245 2448 4303 tenentur,
2475 4244 2531 4290 et
2556 4243 2775 4288 mutare
2800 4231 2907 4287 illis

615 4311 914 4368 formulam
939 4327 1054 4367 non
1081 4311 1243 4370 licet’
1268 4316 1506 4385 Seneca,
1533 4333 1623 4387 ep.
1656 4331 1677 4371 1
1694 4330 1772 4385 17.
1794 4331 1849 4383 4.

685 4393 712 4464 ξ
741 4397 836 4450 36.
877 4394 993 4450 For
1017 4396 1112 4451 the
1137 4397 1288 4452 actio
1313 4397 1386 4454 de
1412 4399 1635 4469 peculio
1660 4417 1756 4456 see
1782 4399 1891 4455 Tit.
1921 4413 1971 4467 7.
1997 4415 2034 4466 4
2056 4399 2173 4455 and
2197 4409 2363 4455 notes
2389 4398 2487 4454 inf.

687 4473 716 4549 ξ
744 4481 834 4536 37.
880 4480 948 4535 In
978 4480 1075 4537 the
1109 4495 1272 4538 cases
1307 4481 1639 4540 mentioned
1676 4483 1734 4539 in
1770 4482 1882 4541 this
1916 4483 2033 4540 and
2068 4483 2166 4541 the
2208 4493 2319 4540 two
2358 4491 2491 4540 next
2530 4479 2778 4539 sections
2814 4481 2911 4538 the
