3230 5116
330 450 431 501 Tit.
458 447 563 515 25]
1039 442 1161 501 DE
1202 444 1534 501 EXCUSA
1550 446 1964 506 TIONIBUS.
2523 440 2644 523 165

332 628 729 702 perpetuum
803 639 923 703 per
988 620 1267 703 gloriam
1327 619 1547 686 vivere
1619 620 2106 703 intelleguntur.
2219 620 2392 684 Item
2453 619 2640 684 divus
2671 628 2698 683 1

336 722 601 787 Marcus
631 724 699 787 in
733 726 1159 789 semestribus
1191 726 1519 808 rescripsit
1549 746 1720 805 eum,
1753 725 1868 808 qui
1903 744 2006 788 res
2034 723 2174 789 fisci
2204 723 2638 799 administrat,

330 848 374 891 a
413 826 627 892 tutela
653 828 761 892 vel
807 847 961 892 cura
1004 830 1321 911 quamdiu
1357 829 1778 894 administrat
1813 829 2114 893 excusari
2158 848 2373 910 posse.
2464 827 2638 893 Item
2666 840 2704 895 2

332 932 448 1013 qui
498 932 589 994 rei
638 932 945 1014 publicae
997 952 1197 997 causa
1249 934 1506 1007 absunt,
1548 954 1589 995 a
1637 931 1850 996 tutela
1898 939 1966 996 et
2013 952 2166 996 cura
2219 940 2638 996 excusantur.

330 1036 451 1098 sed
501 1045 569 1100 et
623 1036 677 1098 si
738 1036 997 1099 suerunt
1047 1046 1299 1101 tutores
1342 1036 1450 1101 vel
1508 1045 1857 1115 curatoreS‚
1902 1035 2144 1100 deinde
2195 1037 2286 1099 rei
2337 1034 2640 1119 publicae

332 1160 534 1205 causa
576 1141 810 1205 abesse
840 1150 1213 1223 coeperunt,
1243 1162 1284 1205 a
1314 1141 1524 1206 tutela
1562 1150 1630 1205 et
1670 1160 1824 1206 cura
1870 1150 2283 1219 excusantur,
2314 1149 2640 1223 quatenus

330 1244 426 1307 rei
457 1243 761 1325 publicae
790 1264 985 1307 causa
1016 1244 1275 1323 absunt,
1307 1255 1375 1309 et
1414 1246 1666 1309 interea
1701 1254 1962 1309 curator
1987 1244 2137 1309 loco
2169 1264 2394 1309 eorum
2423 1244 2640 1307 datur.

331 1348 445 1429 qui
493 1348 549 1410 si
594 1347 831 1410 reversi
865 1344 1123 1426 suerint,
1164 1348 1482 1430 recipiunt
1522 1368 1692 1411 onus
1734 1348 1984 1412 tutelae
2029 1367 2150 1412 nec
2193 1348 2348 1412 anni
2392 1347 2643 1411 habent

328 1452 769 1527 vacationem,
802 1460 877 1513 ut
914 1451 1313 1533 Papinianus
1358 1472 1816 1535 responsorum
1863 1452 2031 1516 libro
2075 1452 2308 1534 quinto
2343 1450 2640 1533 scripsit:

328 1572 491 1617 nam
545 1554 673 1618 hoc
725 1554 1013 1636 spatium
1064 1554 1315 1619 habent
1366 1556 1454 1620 ad
1505 1575 1710 1619 novas
1757 1555 2000 1619 tutelas
2042 1555 2282 1620 vocati.
2392 1554 2486 1618 Et
2530 1552 2642 1637 qui
2669 1559 2703 1618 3

331 1668 742 1741 potestatem
791 1657 1083 1741 aliquam
1136 1659 1404 1735 habent,
1460 1680 1782 1724 excusare
1839 1681 1912 1724 se
1970 1669 2264 1742 possunt,
2318 1668 2391 1723 ut
2449 1658 2639 1724 divus

334 1762 605 1827 Marcus
637 1765 981 1846 rescripsit,
1010 1764 1127 1828 sed
1163 1773 1470 1846 coeptam
1517 1764 1796 1829 tutelam
1841 1764 2144 1829 deserere
2179 1782 2313 1827 non
2343 1772 2640 1845 possunt.

336 1868 513 1931 Item
566 1878 839 1951 propter
887 1869 1087 1946 litem,
1134 1889 1334 1952 quam
1383 1889 1534 1933 cum
1582 1870 1834 1952 pupillo
1885 1868 1988 1933 vel
2033 1868 2265 1933 adulto
2309 1876 2494 1933 tutor
2533 1868 2640 1931 vel
2666 1884 2701 1937 4

330 1981 598 2035 curator
626 1972 849 2052 habet,
874 1993 1189 2036 excusare
1220 1994 1293 2036 se
1324 1993 1522 2037 nemo
1553 1983 1816 2055 potest:
1865 1974 1986 2036 nisi
2017 1973 2184 2036 forte
2213 1974 2299 2035 de
2329 1972 2640 2035 omnibus

332 2076 525 2139 bonis
552 2076 662 2139 vel
690 2075 1059 2141 hereditate
1096 2079 1539 2141 controversia
1585 2076 1690 2140 si-t.
1784 2076 1957 2139 Item
1997 2076 2122 2139 tria
2160 2095 2360 2139 onera
2390 2073 2640 2138 tutelae
2666 2082 2701 2139 5

332 2198 467 2243 non
544 2180 893 2244 affectatae
960 2180 1067 2244 vel
1142 2200 1335 2245 curae
1409 2189 1754 2264 praestant
1810 2180 2245 2259 vacationem,
2321 2176 2640 2260 quamdiu

334 2412 420 2465 27.
454 2413 499 2452 1.
528 2413 579 2452 2.
605 2410 652 2464 7.
730 2399 846 2453 For
880 2399 975 2453 the
1014 2397 1320 2454 sentiment
1357 2407 1417 2454 at
1454 2400 1554 2454 the
1592 2398 1706 2453 end
1745 2398 1811 2451 of
1838 2398 1936 2452 the
1977 2395 2192 2452 section
2233 2396 2304 2451 cf.
2343 2398 2640 2466 Tyrtaeus,

336 2484 526 2538 Carm.
554 2482 588 2537 i.
623 2498 643 2536 1
673 2502 688 2550 ;
724 2481 797 2537 iii.
828 2497 915 2551 31,
942 2483 1191 2551 Plautus,
1221 2484 1385 2553 Capt.
1411 2497 1463 2552 3.
1493 2495 1538 2553 5.
1566 2496 1654 2551 32,
1682 2482 1799 2538 Cic.
1834 2498 1937 2552 pro
1977 2481 2160 2536 Balbo
2202 2493 2282 2548 17.
2323 2495 2408 2550 21,
2450 2481 2642 2535 Plane.

334 2581 424 2636 37,
454 2568 693 2635 Seneca,
720 2578 972 2623 controv.
1006 2583 1047 2623 1.
1076 2569 1125 2623 8.

408 2650 437 2722 §
466 2655 515 2707 1.
556 2652 800 2707 Persons
837 2651 1139 2722 employed
1170 2652 1248 2722 by
1273 2653 1370 2708 the
1403 2669 1665 2722 emperor
1688 2669 1763 2706 on
1799 2651 1889 2706 his
1927 2668 2054 2706 own
2089 2649 2280 2706 affairs
2314 2651 2484 2707 could
2521 2651 2643 2705 also

332 2735 504 2802 claim
529 2734 853 2805 exemption
876 2753 889 2790 ε
932 2736 947 2764 ‘
963 2735 1018 2790 hi
1045 2752 1197 2805 vere,
1224 2735 1427 2806 quibus
1452 2735 1718 2806 princeps
1744 2752 1938 2790 curam
1963 2734 2200 2790 alicuius
2224 2733 2304 2788 rei
2332 2733 2526 2803 iunxit,
2552 2750 2642 2789 ex·

332 2829 605 2874 cusantur
628 2837 663 2874 a
688 2820 877 2887 tutela,
904 2819 1088 2874 donec
1111 2836 1307 2874 curam
1332 2829 1533 2889 gerunt
1552 2821 1567 2848 '
1597 2820 1728 2889 Dig.
1758 2833 1842 2886 27.
1877 2835 1921 2875 1.
1949 2833 2034 2873 22.
2063 2834 2082 2874 1
2108 2838 2124 2885 ς
2161 2817 2238 2872 ib.
2257 2832 2342 2886 41.
2371 2834 2471 2888 pr.,
2501 2817 2644 2871 Cod.

338 2917 385 2973 5.
410 2903 500 2958 62.
534 2918 613 2957 10.
688 2904 812 2957 The
849 2902 1145 2958 semestria
1170 2920 1285 2958 was
1324 2919 1361 2958 a
1395 2903 1700 2958 collection
1737 2903 1800 2957 of
1821 2902 2105 2958 decisions
2143 2899 2432 2956 delivered
2455 2900 2533 2970 by
2561 2901 2643 2954 M.

332 2985 597 3043 Aurelius
636 2985 693 3040 in
731 2985 819 3042 his
858 2985 1019 3056 privy
1044 2985 1403 3041 council--so
1440 2985 1625 3041 called
1663 2987 1908 3057 perhaps
1932 2986 2179 3040 because
2213 2985 2312 3038 the
2337 2985 2504 3038 latter
2528 2999 2640 3037 was

334 3070 555 3139 subject
588 3080 649 3124 to
682 3069 1112 3125 reconstitution
1151 3069 1277 3124 half
1290 3071 1501 3140 yearly,
1530 3069 1664 3140 Dig.
1691 3085 1738 3124 2.
1774 3084 1856 3138 14.
1889 3068 1990 3134 163
2034 3069 2110 3122 18.
2140 3080 2190 3134 7.
2224 3082 2325 3132 103
2362 3081 2447 3135 29.
2477 3080 2527 3120 2.
2560 3080 2640 3121 12.

334 3157 449 3210 But
468 3172 503 3208 a
520 3154 677 3224 gloss
695 3171 827 3223 says
848 3152 1169 3208 ‘semestria
1187 3163 1317 3209 sunt
1336 3154 1533 3224 codex,
1557 3152 1613 3208 in
1637 3170 1751 3224 quo
1769 3150 2154 3222 legislationes
2180 3167 2282 3220 per
2300 3166 2398 3204 sex
2417 3164 2642 3205 menses

334 3239 592 3310 prolatae
618 3237 673 3291 in
702 3253 877 3292 unum
904 3235 1341 3306 redigebantur!

406 3319 437 3392 ξ
464 3325 525 3377 2.
565 3322 807 3376 Persons
844 3320 1047 3375 absent
1084 3319 1164 3375 rei
1202 3319 1463 3390 publicae
1501 3338 1682 3377 causa
1704 3338 1850 3377 were
1884 3329 2112 3391 exempt
2135 3318 2282 3374 from
2315 3318 2643 3388 newly·ten·

336 3404 511 3460 dered
531 3401 969 3474 guardianships
990 3403 1195 3472 during
1215 3403 1361 3459 their
1379 3405 1627 3460 absence
1649 3405 1764 3460 and
1782 3404 1870 3459 for
1889 3421 1924 3458 a
1943 3419 2080 3474 year
2097 3403 2243 3459 aster
2257 3401 2403 3457 their
2421 3411 2638 3456 return:

334 3488 499 3544 when
538 3499 664 3543 sent
700 3488 917 3542 abroad
952 3504 1027 3542 on
1065 3488 1207 3542 such
1245 3497 1392 3543 state
1428 3488 1692 3544 business
1729 3490 1864 3558 they
1888 3505 2034 3543 were
2071 3486 2318 3542 excused
2347 3485 2494 3540 from
2530 3501 2642 3555 any

334 3577 514 3631 tutela
536 3575 719 3630 which
744 3576 882 3644 they
901 3591 1045 3630 were
1070 3572 1331 3629 invested
1351 3573 1484 3629 with
1511 3583 1569 3629 at
1594 3576 1694 3629 the
1719 3575 1872 3644 time,
1892 3575 1994 3630 but
2018 3590 2094 3630 on
2119 3573 2267 3630 their
2290 3583 2480 3629 return
2507 3573 2643 3642 they

334 3659 453 3715 had
488 3669 549 3714 to
586 3675 810 3714 resume
848 3658 889 3712 it
927 3658 1159 3713 without
1197 3673 1311 3728 any
1349 3657 1513 3714 ‘anni
1552 3658 1810 3714 vacatio’
1851 3657 1986 3729 Dig.
2024 3672 2109 3727 27.
2142 3674 2184 3714 1.
2219 3673 2300 3712 10.
2333 3673 2383 3727 2,
2422 3656 2560 3710 Cod.
2593 3668 2640 3726 5.

334 3741 423 3812 64.
456 3758 496 3797 1.

406 3823 437 3896 ξ
464 3828 521 3879 8.
562 3825 825 3879 Potestas
849 3841 1046 3879 means
1072 3841 1186 3895 any
1209 3822 1569 3894 magistracy,
1596 3822 1852 3895 superior
1877 3840 1942 3878 or
1965 3823 2210 3894 inferior,
2239 3823 2372 3893 Dig.
2399 3836 2485 3889 27.
2518 3837 2559 3877 1.
2587 3821 2639 3876 6.

340 3909 513 3976 14-16
536 3927 552 3974 ;
576 3908 653 3962 ib.
686 3921 765 3974 17.
791 3920 915 3978 4-5.
990 3909 1035 3962 F
1038 3925 1216 3978 ragm.
1236 3909 1362 3963 Vat.
1398 3908 1498 3974 146
1526 3907 1678 3979 (‘qui
1705 3909 1926 3963 Romae
1958 3909 2292 3979 magistratu
2317 3907 2638 3976 funguntur,

334 3991 607 4065 quamdiu
628 3992 737 4045 hoc
756 3993 1077 4061 funguntur,
1099 3990 1223 4046 dari
1242 4001 1457 4047 tutores
1478 4006 1593 4046 non
1612 4002 1852 4062 possunt
1868 3990 1902 4062 ’)
1925 3991 1972 4047 is
1991 4001 2092 4047 not
2111 4000 2306 4047 meant
2325 3999 2385 4044 to
2404 3988 2638 4045 exclude

332 4075 643 4146 municipal
668 4073 1043 4144 magistrates.

406 4157 437 4230 ξ
461 4163 522 4214 4.
561 4159 576 4187 ‘
594 4161 832 4229 Propter
854 4158 1028 4228 litem,
1053 4174 1227 4229 quam
1253 4159 1379 4231 quis
1405 4176 1536 4214 cum
1561 4159 1774 4230 pupillo
1803 4160 1994 4230 habet,
2021 4175 2290 4215 excusare
2315 4175 2378 4214 se
2403 4173 2438 4213 a
2462 4157 2638 4213 tutela

332 4260 449 4300 non
482 4253 687 4314 potest,
716 4241 823 4296 nisi
850 4241 923 4297 de
959 4241 1224 4297 omnibus
1246 4243 1413 4298 bonis
1446 4253 1545 4297 aut
1577 4241 1821 4312 plurima
1844 4253 2006 4313 parte
2030 4259 2227 4297 eorum
2253 4240 2638 4298 controversia

334 4329 439 4384 sit'
475 4327 607 4398 Dig.
636 4339 721 4394 27.
756 4341 801 4381 1.
828 4341 913 4381 21.
940 4343 1041 4396 pr.,
1079 4326 1369 4382 ‘volumus
1396 4365 1411 4380 .
1436 4368 1451 4382 .
1481 4367 1495 4383 .
1523 4367 1537 4382 .
1563 4325 1611 4380 si
1650 4326 1776 4397 quis
1814 4327 2126 4397 obligatum
2161 4325 2420 4381 habuerit
2457 4324 2636 4378 mino—

330 4431 455 4468 rem
484 4421 583 4468 aut
608 4411 733 4467 eius
766 4425 875 4478 res,
898 4410 1051 4464 hunc
1082 4427 1198 4465 non
1232 4410 1465 4466 omnino
1499 4408 1576 4465 ad
1604 4409 1956 4466 curationem
1991 4409 2129 4480 eius,
2155 4411 2245 4465 vel
2271 4408 2319 4464 si
2345 4426 2382 4464 a
2414 4406 2632 4477 legibus

332 4507 578 4564 vocetur,
602 4493 880 4550 accedere
894 4495 920 4546 ’.
937 4495 991 4547 N
997 4510 1085 4548 ov.
1112 4507 1199 4561 72.
1230 4509 1274 4550 1.

406 4577 435 4652 ξ
462 4583 519 4636 5.
556 4579 669 4636 Yet
707 4575 765 4648 if,
790 4594 934 4634 even
959 4579 1144 4636 where
1176 4595 1213 4634 a
1240 4595 1375 4635 man
1400 4578 1634 4651 already
1661 4579 1778 4634 had
1802 4579 1961 4636 three
1988 4576 2373 4648 independent
2405 4573 2631 4646 tutelae,
