3230 5116
539 355 668 445 348
940 364 1147 423 INST
1145 364 1189 421 I
1187 364 1242 421 T
1246 364 1306 422 U
1305 364 1396 421 TI
1392 364 1512 421 ΟΝ
1516 363 1649 421 UM
1682 361 1920 418 LIBRI
1956 362 2008 435 Q
2020 361 2125 419 UA
2138 330 2250 418 TT
2254 360 2432 419 UOR.
2606 360 2736 429 [Lib.
2753 364 2850 416 111.
2868 412 2873 416 ,

540 550 657 594 eos
691 528 760 593 in
802 528 1077 613 plenum
1119 550 1359 595 causae
1403 528 1655 593 mederi
1701 526 2109 591 invenimus:
2164 544 2371 609 quare
2416 524 2667 590 etenim
2711 544 2847 589 uno

540 634 912 717 eodemque
961 635 1173 718 gradu
1232 633 1518 699 naturali
1568 641 1997 699 concurrente
2044 640 2115 696 et
2163 629 2589 714 adgnationis
2633 628 2849 694 titulis

539 746 683 802 tam
743 739 811 802 in
871 738 1181 803 masculis
1239 758 1444 821 quarn
1495 738 1564 801 in
1622 737 1887 801 feminis
1950 756 2163 819 aequa
2221 736 2410 799 lance
2468 734 2850 799 constitutis

541 842 852 907 masculis
902 843 1176 926 quidem
1235 843 1524 907 dabatur
1570 843 1657 906 ad
1718 841 2197 905 successionem
2257 840 2485 904 venire
2545 838 2850 903 omnium

465 1006 472 1013 .
539 945 999 1028 adgnatorum,
1033 967 1122 1010 ex
1153 946 1461 1028 adgnatis
1500 954 1729 1009 autem
1772 943 2156 1008 mulieribus
2197 943 2395 1007 nullis
2427 942 2693 1025 penitus
2723 940 2851 1007 nisi

540 1049 666 1115 soli
703 1051 908 1114 sorori
947 1051 1034 1115 ad
1079 1051 1524 1132 adgnatorum
1563 1050 2046 1113 successionem
2077 1048 2355 1131 patebat
2382 1046 2649 1111 aditus?
2694 1046 2853 1111 ideo

541 1153 611 1217 in
662 1153 934 1236 plenum
979 1154 1204 1218 omnia
1249 1152 1639 1217 reducentes
1684 1161 1755 1216 et
1796 1151 1884 1215 ad
1931 1151 2033 1215 ius
2077 1150 2430 1215 duodecim
2472 1148 2853 1214 tabularum

541 1255 824 1321 eandem
847 1257 1351 1338 dispositionem
1383 1264 1838 1338 exaequantes
1870 1263 2095 1319 nostra
2118 1254 2592 1319 constitutione
2622 1254 2853 1318 sanxi-

543 1380 692 1425 mus
752 1379 983 1425 omnae
1056 1359 1389 1442 legitimas
1447 1352 1783 1441 personas,
1836 1359 1905 1422 id
1964 1368 2066 1424 est
2124 1379 2246 1441 per
2291 1358 2547 1422 virilem
2609 1376 2853 1422 sexum

543 1464 1041 1553 descendentes,
1070 1466 1210 1529 sive
1240 1462 1585 1529 masculini
1629 1463 1768 1529 sive
1811 1462 2108 1527 seminini
2143 1463 2405 1546 generis
2448 1470 2620 1541 sunt,
2650 1462 2853 1527 simili

545 1568 748 1631 modo
817 1569 905 1632 ad
965 1569 1108 1632 iura
1178 1568 1611 1633 successionis
1684 1567 2025 1651 legitimae
2096 1568 2184 1632 ab
2250 1566 2571 1631 intestato
2628 1566 2853 1630 vocari

543 1671 910 1736 secundum
956 1672 1202 1753 gradus
1255 1674 1356 1737 sui
1409 1673 1941 1756 praerogativam
2002 1692 2122 1735 nec
2174 1669 2326 1736 ideo
2380 1669 2853 1749 excludendas,

483 1788 523 1843 4
544 1777 702 1859 quia
731 1778 1320 1859 consanguinitatis
1362 1778 1504 1841 iura
1543 1777 1741 1842 sicuti
1783 1797 2137 1860 germanae
2168 1796 2301 1839 non
2329 1774 2603 1839 habent.
2698 1774 2853 1839 Hoc

545 1881 750 1945 etiam
824 1881 1210 1945 addendum
1283 1891 1551 1947 nostrae
1624 1881 2082 1947 constitutioni
2158 1878 2710 1954 existimavimus,
2774 1886 2853 1942 ut

544 1970 975 2049 transferatur
1023 2006 1194 2050 unus
1243 1986 1709 2050 tantummodo
1752 1986 1998 2067 gradus
2042 2006 2085 2050 a
2128 1984 2268 2048 iure
2315 1982 2730 2066 cognationis
2782 1982 2853 2045 in

545 2086 918 2171 legitimam
973 2089 1474 2167 successionem,
1523 2096 1598 2153 ut
1650 2107 1782 2152 non
1834 2087 2052 2154 solum
2106 2088 2322 2152 fratris
2374 2086 2547 2151 filius
2594 2095 2663 2149 et
2714 2084 2853 2150 filia

546 2191 912 2257 secundum
951 2193 1135 2274 quod
1184 2192 1317 2256 iam
1363 2191 1780 2257 definivimus
1822 2193 1911 2257 ad
1956 2192 2441 2257 successionem
2486 2189 2705 2273 patrui
2748 2189 2854 2254 sui

545 2304 878 2373 vocentur,
951 2295 1074 2359 sed
1147 2297 1352 2359 etiam
1425 2315 1783 2377 germanae
1852 2297 2384 2379 consanguineae
2444 2294 2553 2359 vel
2608 2295 2853 2359 sororis

546 2401 844 2462 uterinae
887 2398 1062 2463 filius
1101 2408 1174 2463 et
1218 2398 1354 2463 filia
1395 2399 1518 2464 soli
1565 2410 1635 2465 et
1678 2420 1812 2465 non
1841 2401 2151 2485 deinceps
2182 2420 2505 2483 personae
2534 2420 2667 2464 una
2698 2418 2853 2463 cum

544 2501 649 2568 his
678 2502 766 2567 ad
799 2504 939 2567 iura
967 2503 1272 2568 avunculi
1310 2504 1410 2569 sui
1447 2505 1835 2588 perveniant
1880 2514 1949 2572 et
1996 2515 2259 2571 mortuo
2304 2526 2403 2585 e0,
2432 2504 2547 2589 qui
2579 2512 2852 2589 patruus

544 2607 820 2689 quidem
879 2615 981 2671 est
1038 2605 1257 2673 fratris
1317 2610 1420 2674 sui
1479 2608 1651 2690 filiis,
1702 2610 2068 2676 avunculus
2126 2620 2351 2675 autem
2406 2609 2646 2675 sororis
2692 2628 2854 2672 suae

545 2709 780 2788 suboli,
813 2709 1012 2774 simili
1057 2712 1258 2775 modo
1301 2712 1389 2777 ab
1433 2722 1715 2796 utroque
1756 2714 1965 2778 latere
2007 2715 2383 2793 succedant,
2413 2722 2757 2796 tamquam
2794 2711 2853 2777 si

547 2834 780 2880 omnes
810 2835 899 2879 ex
930 2815 1239 2882 masculis
1268 2818 1749 2884 descendentes
1779 2818 2082 2903 legitimo
2118 2821 2259 2884 iure
2286 2819 2571 2895 veniant,
2600 2817 2855 2882 scilicet

547 2917 663 2981 ubi
707 2917 910 2983 frater
951 2928 1023 2984 et
1064 2941 1250 2986 soror
1291 2924 1684 3005 superstites
1731 2943 1865 2988 non
1910 2933 2065 2989 sunt
2107 2919 2239 3010 (his
2275 2923 2522 2988 etenim
2552 2919 2853 3004 personis

547 3024 1096 3106 praecedentibus
1148 3035 1215 3091 et
1258 3029 1744 3092 successionem
1796 3029 2307 3094 admittentibus
2360 3026 2558 3091 ceteri
2606 3025 2851 3109 gradus

549 3138 890 3193 remanent
920 3131 1185 3212 penitus
1213 3129 1514 3217 semoti):
1558 3133 1871 3198 videlicet
1908 3133 2278 3198 hereditate
2308 3151 2443 3196 non
2471 3132 2557 3196 ad
2598 3131 2853 3214 stirpes,

547 3323 830 3394 justinian
875 3325 1014 3380 calls
1049 3326 1148 3381 the
1195 3327 1387 3382 media
1428 3326 1881 3398 iurisprudentia,
1919 3344 1985 3382 or
2031 3343 2189 3382 more
2230 3326 2507 3396 precisely
2542 3325 2641 3380 the
2685 3325 2855 3380 inter-

549 3407 794 3478 pretatio
831 3408 1102 3476 (General
1143 3409 1354 3464 Introd.
1382 3427 1434 3480 p.
1462 3423 1530 3480 45
1558 3408 1732 3480 supr.)
1771 3411 1837 3465 of
1862 3411 1961 3465 the
1997 3411 2087 3465 lex
2110 3409 2369 3465 Voconia
2402 3408 2479 3477 by
2503 3407 2600 3462 the
2618 3406 2816 3476 jurists
2840 3427 2857 3478 ς

549 3489 830 3545 ‘feminae
855 3491 930 3546 ad
955 3491 1300 3548 hereditates
1335 3493 1617 3564 legitimas
1642 3493 1789 3548 ultra
1826 3493 2277 3562 consanguineas
2313 3489 2703 3546 successiones
2737 3508 2855 3547 non

549 3571 939 3642 admittuntur,
957 3573 1128 3644 idque
1149 3575 1266 3629 iure
1281 3575 1430 3630 civili
1452 3574 1787 3630 Voconiana
1803 3575 2022 3631 ratione
2042 3574 2265 3631 videtur
2282 3573 2575 3630 effectum:
2602 3585 2855 3631 ceterum

551 3655 642 3710 lex
667 3655 970 3712 duodecim
995 3657 1314 3713 tabularum
1347 3660 1503 3714 nulla
1527 3657 1869 3714 discretione
1892 3675 2061 3714 sexus
2084 3659 2365 3728 adgnatos
2390 3657 2668 3714 admittit’
2696 3659 2855 3714 Paul.

551 3748 697 3794 sent.
723 3756 835 3797 rec.
859 3754 914 3807 4.
938 3755 988 3810 9.
1017 3756 1103 3796 22.
1177 3743 1449 3798 Remoter
1466 3741 1674 3797 female
1692 3752 1928 3812 agnates
1954 3743 2092 3797 than
2118 3741 2313 3800 sisters
2332 3743 2449 3798 had
2473 3760 2509 3798 a
2532 3741 2855 3814 praetorian

551 3823 674 3879 title
710 3825 875 3895 only3
911 3826 1047 3896 they
1082 3827 1251 3881 could
1289 3826 1485 3882 obtain
1521 3827 1801 3881 bonorum
1836 3828 2125 3898 possessio
2168 3827 2227 3884 in
2273 3830 2371 3884 the
2404 3827 2557 3883 third
2591 3827 2751 3896 rank,
2788 3841 2854 3880 as

551 3919 823 3977 cognates
863 3908 1259 3980 (proximitatis
1297 3908 1566 3978 nomine),
1605 3911 1797 3965 unless
1833 3911 2111 3967 excluded
2144 3912 2224 3982 by
2260 3929 2460 3968 nearer
2494 3909 2762 3965 relations
2798 3907 2863 3963 of

550 3992 649 4045 the
685 4007 846 4047 same
881 3992 1048 4048 class.
1119 3991 1450 4062 Justinian's
1476 3999 1802 4051 ehactment
1832 3994 2114 4067 restoring
2149 4006 2210 4051 to
2244 3997 2402 4052 thern
2436 3993 2583 4050 their
2615 3991 2854 4061 original

549 4072 731 4144 rights
756 4074 889 4129 isin
917 4076 1058 4132 Cod.
1083 4076 1134 4132 6.
1165 4077 1248 4146 58.
1281 4091 1360 4144 14.

624 4157 654 4224 §
681 4160 740 4211 4.
782 4158 912 4213 Into
935 4159 1032 4214 the
1058 4160 1271 4215 second
1296 4158 1464 4216 order
1503 4159 1570 4214 of
1584 4160 1929 4232 succession,
1953 4161 2139 4217 which
2172 4178 2311 4232 goes
2344 4161 2632 4231 generally
2655 4160 2735 4229 by
2756 4160 2855 4216 the

549 4257 720 4296 name
759 4241 825 4296 of
858 4241 1110 4312 legitimi,
1153 4244 1269 4298 and
1307 4242 1492 4298 which
1533 4244 1823 4300 consisted
1866 4247 1943 4315 by
1978 4247 2075 4301 the
2116 4246 2212 4301 old
2250 4248 2358 4300 law
2394 4244 2459 4298 of
2493 4244 2591 4299 the
2630 4252 2855 4300 nearest

551 4334 788 4394 agnates
825 4326 975 4396 only,
1002 4343 1147 4382 were
1183 4325 1461 4383 admitted
1498 4328 1575 4398 by
1599 4329 1920 4385 successive
1953 4332 2221 4400 changes»,
2246 4328 2463 4399 though
2497 4326 2556 4383 in
2594 4325 2887 4383 different.

552 4407 788 4478 degrees
813 4407 880 4463 of
895 4408 1163 4480 priority:

553 4563 564 4570 ι
625 4489 703 4562 (1)
743 4493 868 4550 The
891 4492 1218 4550 deceased’s
1243 4493 1468 4551 mother
1491 4493 1541 4548 if
1555 4495 1659 4552 she
1685 4495 1803 4551 had
1826 4496 1923 4553 the
1950 4495 2037 4552 ius
2061 4495 2384 4566 liberorum,
2410 4493 2520 4550 Tit.
2548 4509 2583 4564 3
2608 4493 2707 4550 inf.
