3230 5116
559 406 686 479 342
969 395 1175 454 INST
1171 394 1266 452 IT
1271 393 1382 452 UT
1379 392 1542 453 ION
1543 392 1675 451 UM
1708 390 1949 449 LIBRI
1986 388 2463 464 QUATTUOR.
2624 388 2753 456 [Lib.
2774 392 2864 441 111.

561 562 769 630 secuti
819 572 988 638 sunt,
1019 562 1152 627 alia
1195 559 1369 627 civili
1411 560 1687 636 ratione,
1719 558 1787 623 id
1832 565 1936 623 est
1981 555 2527 642 emancipatione,
2556 555 2863 640 perdunt.

467 676 534 731 12
563 668 822 732 Eadem
851 666 1016 733 haec
1048 667 1485 733 observantur
1511 674 1581 731 et
1612 665 1679 728 in
1720 682 1801 729 ea
1840 664 2169 727 bonorum
2188 662 2634 745 possessione,
2662 678 2867 744 quam

561 780 794 837 contra
844 771 1105 835 tabulas
1152 770 1537 836 testamenti
1588 768 1883 853 parentis
1928 767 2154 831 liberis
2206 765 2595 849 praeteritis,
2642 765 2709 828 id
2764 772 2869 828 est

561 896 776 958 neque
831 873 1185 939 heredibus
1259 873 1577 938 institutis
1652 890 1868 955 neque
1940 879 2015 936 ut
2086 877 2353 953 oportet
2426 866 2869 947 exheredatis,

561 986 827 1061 praetor
855 977 1220 1061 pollicetur.
1308 997 1466 1042 nam
1497 997 1611 1041 eos
1642 976 1930 1059 quidem,
1956 972 2073 1057 qui
2108 974 2177 1038 in
2214 980 2547 1056 potestate
2576 970 2872 1055 parentis

564 1083 795 1147 mortis
825 1090 1130 1165 tempore
1173 1080 1456 1154 fuerunt,
1489 1089 1557 1145 et
1600 1080 2052 1164 emancipatos
2080 1088 2276 1143 vocat
2306 1085 2571 1161 praetor
2598 1077 2688 1142 ad
2719 1096 2874 1141 eam

562 1186 890 1249 bonorum
943 1184 1467 1269 possessionem:
1547 1204 1663 1248 eos
1721 1204 1897 1259 vero,
1945 1182 2059 1265 qui
2120 1182 2187 1246 in
2248 1181 2566 1264 adoptiva
2621 1180 2875 1245 familia

564 1287 828 1353 fuerunt
863 1308 983 1370 per
1026 1287 1153 1353 hoc
1195 1296 1478 1370 tempus,
1521 1306 1657 1369 quo
1702 1285 2021 1351 naturalis
2065 1305 2302 1368 parens
2348 1295 2727 1359 moreretur,
2769 1303 2872 1348 re·

565 1391 774 1474 pellit.
863 1392 1026 1455 item
1059 1389 1410 1473 adoptivos
1443 1389 1685 1455 liberos
1732 1388 2185 1473 emancipatos
2214 1390 2303 1453 ab
2331 1389 2650 1472 adoptivo
2680 1397 2873 1471 patre

568 1492 736 1558 sicut
779 1495 867 1557 ab
908 1493 1243 1570 intestat0,
1281 1494 1375 1558 ita
1409 1492 1610 1577 longe
1656 1493 1875 1557 minus
1919 1504 2153 1559 contra
2190 1492 2454 1557 tabulas
2484 1492 2873 1558 testamenti

569 1596 655 1661 ad
703 1597 879 1661 bona
930 1596 1072 1661 eius
1122 1595 1438 1674 admittit,
1493 1597 1650 1680 quia
1703 1596 2017 1663 desinunt
2074 1598 2142 1660 in
2188 1596 2551 1661 ‘liberorum
2600 1616 2875 1660 numero

478 1708 544 1764 13
571 1720 731 1767 esse.
820 1699 1252 1766 Admonendi
1288 1708 1515 1766 tamen
1560 1721 1789 1767 sumus
1834 1723 1966 1778 eos,
2002 1702 2120 1785 qui
2165 1701 2231 1765 in
2269 1699 2589 1782 adoptiva
2626 1698 2877 1764 familia

569 1815 726 1870 sunt
754 1805 950 1889 quive
978 1815 1134 1889 post
1177 1815 1462 1870 mortem
1507 1806 1823 1871 naturalis
1866 1805 2159 1889 parentis
2202 1806 2291 1870 ab
2332 1806 2651 1888 adoptivo
2686 1814 2877 1887 patre

571 1910 968 1993 emancipati
996 1909 1252 1985 fuerint,
1285 1910 1602 1976 intestato
1639 1917 1917 1993 parente
1958 1909 2241 1975 naturali
2288 1919 2551 1974 mortuo
2595 1908 2753 1973 licet
2798 1928 2880 1973 ea

572 2020 764 2096 parte
810 2014 1024 2089 edicti,
1076 2034 1209 2096 qua
1261 2012 1449 2078 liberi
1491 2014 1579 2078 ad
1632 2014 1959 2078 bonorum
2012 2013 2497 2098 possessionem
2536 2021 2878 2089 vocantur,

572 2137 706 2181 non
747 2117 1201 2196 admittantur,
1230 2116 1362 2181 alia
1403 2124 1631 2182 tamen
1674 2128 1865 2201 parte
1891 2118 2132 2193 vocari,
2176 2118 2245 2182 id
2293 2126 2395 2182 est
2438 2136 2571 2200 qua
2613 2114 2880 2199 cognati

573 2218 866 2285 defuncti
911 2228 1247 2285 vocantur.
1336 2240 1427 2283 ex
1478 2240 1611 2303 qua
1658 2230 1849 2302 parte
1902 2220 1996 2285 ita
2046 2221 2507 2299 admittuntur,
2558 2220 2614 2284 si
2665 2239 2880 2303 neque

573 2322 674 2385 sui
719 2322 996 2386 heredes
1039 2321 1227 2386 liberi
1272 2342 1488 2405 neque
1533 2324 1931 2407 emancipati
1978 2325 2249 2389 obstent
2294 2344 2507 2407 neque
2550 2323 2883 2406 adgnatus

573 2424 848 2509 quidem
878 2424 1049 2489 ullus
1075 2426 1505 2492 interveniat:
1551 2436 1709 2491 ante
1739 2429 1916 2491 enim
1950 2439 2215 2511 praetor
2245 2428 2487 2493 liberos
2514 2436 2711 2493 vocat
2740 2437 2881 2492 tam

575 2550 733 2595 suos
783 2528 1057 2595 heredes
1107 2549 1309 2615 quam
1361 2531 1835 2616 emancipatos,
1888 2531 2130 2598 deinde
2188 2532 2523 2618 legitimos
2582 2532 2885 2612 heredes,

483 2644 552 2700 14
577 2633 823 2699 deinde
851 2634 1196 2717 proximos
1223 2644 1567 2718 cognatos.
1659 2635 1797 2702 Sed
1830 2659 1909 2701 ea
1941 2639 2165 2703 omnia
2200 2638 2580 2722 antiquitati
2610 2637 2884 2721 quidem

577 2738 1007 2821 placuerunt:
1082 2738 1374 2822 aliquam
1447 2749 1676 2804 autem
1751 2743 2286 2807 emendationem
2344 2763 2387 2807 a
2445 2750 2671 2806 nostra
2728 2760 2885 2804 con-

582 2842 924 2908 stitutione
952 2855 1367 2927 acceperunt,
1398 2865 1600 2928 quam
1632 2865 1832 2928 super
1858 2846 1961 2911 his
1993 2848 2285 2931 personis
2320 2847 2679 2929 posuimuS,
2714 2863 2885 2929 quae

581 2967 623 3010 a
667 2946 964 3029 patribus
1011 2948 1146 3012 suis
1194 2949 1601 3013 naturalibus
1653 2948 1721 3012 in
1768 2949 2199 3033 adoptionem
2252 2949 2399 3016 aliis
2442 2950 2699 3015 dantur.
2786 2950 2885 3012 in-

582 3051 881 3116 venimus
917 3053 1165 3117 etenim
1207 3052 1560 3119 nonnullos
1599 3073 1807 3136 casuS,
1836 3055 1903 3119 in
1933 3055 2173 3139 quibus
2218 3055 2333 3120 filii
2376 3064 2443 3120 et
2488 3053 2885 3120 naturalium

582 3164 937 3238 parentum
995 3157 1478 3222 successionem
1551 3166 1827 3241 propter
1869 3161 2302 3243 adoptionem
2360 3159 2761 3224 amittebant
2818 3166 2890 3221 et

582 3259 948 3342 adoptione
973 3258 1166 3324 facile
1194 3280 1314 3343 per
1341 3261 1940 3344 emancipationem
1980 3263 2201 3329 soluta
2231 3262 2317 3327 ad
2360 3261 2651 3326 neutrius
2681 3260 2891 3343 patris

585 3362 1066 3426 successionem
1113 3363 1537 3428 vocabantur.
1644 3365 1771 3431 hoc
1816 3367 2012 3431 solito
2059 3386 2239 3429 more
2289 3365 2687 3446 corrigentes
2732 3383 2891 3427 con·

585 3463 996 3528 stitutionem
1042 3466 1434 3548 scripsimuS,
1465 3488 1586 3551 per
1623 3489 1827 3552 quam
1873 3468 2307 3544 definivimus,
2339 3466 2607 3549 quando
2652 3485 2893 3548 parens

583 3568 902 3634 naturalis
943 3568 1152 3634 filium
1197 3591 1388 3636 suum
1433 3573 1891 3658 adoptandum
1932 3573 2043 3636 alii
2074 3572 2350 3650 dederit,
2381 3571 2636 3656 integra
2664 3573 2893 3638 omnia

661 3834 690 3901 §
719 3835 811 3890 12.
850 3834 961 3891 See
989 3852 1064 3891 on
1091 3835 1196 3892 Bk.
1224 3835 1282 3894 ii.
1314 3851 1392 3908 13.
1419 3855 1504 3908 pr.
1530 3853 1680 3908 supr.

661 3919 692 3986 §
719 3919 810 3974 13.
849 3919 962 3974 For
997 3920 1093 3976 the
1127 3920 1307 3991 rights
1345 3922 1411 3980 of
1439 3930 1713 3991 cog-nates
1750 3937 1848 3978 see
1878 3918 1993 3977 Tit.
2022 3932 2049 3990 5
2077 3921 2192 3977 and
2222 3931 2406 3993 noteS,
2438 3921 2537 3979 inf.
2610 3923 2736 3979 The
2772 3921 2892 3979 rule

591 4000 726 4058 here
768 4002 957 4058 stated
996 4002 1098 4058 did
1144 4014 1243 4061 not
1287 4006 1459 4075 apply
1500 4020 1645 4060 even
1690 4004 1884 4060 before
1925 4003 2209 4075 justinian
2253 4005 2302 4060 if
2336 4007 2435 4062 the
2478 4007 2644 4062 effect
2688 4007 2755 4061 of
2794 4007 2893 4062 the

591 4083 865 4155 adoption
893 4101 1008 4142 was
1039 4097 1138 4143 not
1172 4097 1232 4143 to
1265 4087 1507 4143 transfer
1539 4088 1639 4143 the
1670 4087 1975 4159 adoptatus
2000 4099 2061 4144 to
2086 4105 2122 4144 a
2144 4107 2271 4145 new
2296 4089 2557 4160 cognatic
2590 4089 2803 4160 family,
2827 4105 2893 4145 as

593 4184 643 4224 e·
651 4183 704 4238 g.
732 4169 918 4252 where
955 4170 1028 4224 he
1065 4187 1180 4225 was
1220 4169 1473 4241 adopted
1514 4170 1592 4241 by
1629 4188 1665 4226 a
1700 4173 1957 4242 paternal
1994 4172 2348 4229 ascendant:
2394 4174 2530 4228 here
2566 4172 2640 4228 he
2676 4171 2894 4228 ranked

593 4267 805 4322 among
828 4251 1008 4321 liberi,
1033 4251 1168 4324 Dig.
1191 4267 1279 4322 37.
1304 4269 1358 4322 4.
1385 4270 1432 4324 3.
1463 4267 1494 4322 7
1521 4254 1637 4310 and
1664 4256 1697 4311 8
1723 4275 1739 4323 3
1776 4255 1853 4312 ib.
1880 4269 1962 4312 21.
1997 4271 2039 4311 1.
2116 4257 2197 4313 So
2221 4266 2319 4312 too
2345 4255 2393 4311 if
2410 4272 2447 4311 a
2469 4255 2895 4326 paterfamilias,

595 4333 740 4391 after
762 4335 1183 4408 emancipating
1206 4354 1243 4392 a
1267 4355 1388 4408 son,
1408 4354 1552 4409 gave
1573 4339 1808 4395 himself
1824 4339 1883 4394 in
1910 4341 2263 4411 adrogation,
2282 4341 2381 4396 the
2400 4356 2506 4396 son
2528 4339 2628 4394 did
2652 4349 2751 4396 not
2772 4340 2895 4396 lose

595 4417 686 4475 his
709 4417 858 4489 right
883 4418 950 4474 of
968 4418 1308 4490 succeeding
1333 4419 1390 4476 in
1418 4423 1515 4479 the
1543 4423 1663 4480 first
1691 4424 1857 4493 clasS,
1886 4423 2019 4494 Dig.
2046 4425 2152 4479 loc.
2177 4423 2271 4479 cit.
2298 4437 2349 4492 3.
2376 4438 2425 4493 9.

668 4503 698 4573 §
725 4505 818 4560 14.
861 4503 987 4564 The
1025 4505 1137 4563 SC.
1173 4502 1502 4562 Afinianum
1543 4506 1661 4563 had
1698 4508 1940 4566 enacted
1976 4507 2099 4564 that
2138 4507 2186 4563 if
2212 4523 2249 4564 a
2284 4506 2469 4564 father
2504 4522 2648 4577 gave
2685 4521 2795 4562 one
2836 4503 2905 4562 of
