3230 5116
413 410 512 460 Tit.
538 402 610 475 3.]
1153 402 1273 459 DE
1313 402 1544 461 LEGE
1583 402 1961 477 AQUJLJA.
2586 408 2713 482 517

409 570 658 651 poterit
701 566 846 634 sola
891 569 1065 651 rupti
1111 569 1472 651 appellatio
1519 570 1584 633 in
1626 592 1858 635 omnes
1900 570 2060 636 istas
2102 590 2333 637 causas
2377 570 2712 635 sufficere:

412 683 679 755 ruptum
713 674 885 737 enim
919 673 1338 755 intellegitur,
1369 693 1639 756 quoquo
1682 674 1882 738 modo
1912 685 2291 757 corruptum
2330 684 2450 739 est.
2536 678 2715 740 unde

411 796 544 839 non
584 775 799 840 solum
833 786 980 840 usta
1018 787 1134 840 aut
1164 776 1388 853 fracta,
1420 779 1538 841 sed
1570 777 1772 841 etiarn
1804 778 2003 843 scissa
2040 788 2107 843 et
2143 777 2369 842 collisa
2400 788 2467 843 et
2506 779 2713 843 effusa

409 889 479 943 et
523 900 792 963 quoquo
841 881 1044 944 modo
1089 891 1434 963 perempta
1480 891 1685 963 atque
1728 883 2057 947 deteriora
2108 882 2285 946 facta
2336 881 2463 946 hoc
2508 883 2713 946 verbo

408 984 858 1048 continentur:
903 984 1192 1066 denique
1227 1004 1617 1066 responsum
1650 994 1771 1061 est,
1804 986 1858 1047 si
1890 986 2036 1068 quis
2068 985 2134 1048 in
2164 984 2452 1049 alienum
2483 986 2711 1048 vinum

407 1096 524 1150 aut
554 1087 774 1151 oleum
807 1088 873 1151 id
906 1088 1265 1163 immiserit,
1298 1108 1431 1170 quo
1465 1089 1781 1152 naturalis
1811 1089 2072 1153 bonitas
2102 1089 2233 1152 vini
2266 1088 2371 1153 vel
2408 1087 2537 1153 olei
2568 1078 2711 1152 cor-

408 1202 834 1273 rumperetur,
877 1213 966 1255 ex
1001 1191 1126 1255 hac
1170 1201 1355 1274 parte
1397 1192 1564 1273 legis
1603 1212 1756 1255 eum
1794 1192 2022 1257 teneri.
2112 1192 2286 1256 Illud
2324 1191 2547 1275 palam
2592 1201 2709 1271 est,
2740 1200 2807 1255 14

407 1294 574 1359 sicut
616 1316 703 1359 ex
742 1295 955 1377 primo
997 1294 1214 1377 capite
1257 1297 1349 1358 ita
1387 1294 1659 1359 demum
1692 1298 1972 1379 quisque
2003 1306 2282 1371 tenetur,
2316 1295 2371 1358 si
2407 1294 2563 1358 dolo
2594 1305 2709 1360 aut

407 1387 602 1480 culpa
632 1400 772 1462 eius
811 1398 1015 1463 homo
1061 1409 1178 1463 aut
1219 1400 1597 1481 quadrupes
1640 1402 1891 1464 occisus
1923 1400 2219 1465 occisave
2250 1399 2464 1474 fuerit,
2496 1398 2589 1463 ita
2621 1419 2710 1463 ex

402 1500 531 1566 hoc
563 1504 780 1585 capite
812 1524 902 1565 ex
932 1500 1090 1566 dolo
1119 1511 1233 1566 aut
1265 1503 1458 1585 culpa
1488 1504 1574 1567 de
1604 1512 1826 1567 cetero
1848 1504 2093 1567 damno
2117 1523 2448 1586 quemque
2479 1504 2707 1567 teneri.

405 1605 532 1670 hoc
563 1614 788 1669 tamen
820 1608 1038 1688 capite
1069 1626 1200 1670 non
1232 1608 1463 1687 quanti
1495 1609 1560 1670 in
1609 1628 1690 1671 eo
1733 1627 1927 1687 anne,
1962 1610 2080 1672 sed
2111 1607 2341 1690 quanti
2376 1607 2440 1669 in
2472 1606 2708 1670 diebus

405 1710 674 1792 triginta
709 1710 1032 1792 proximis
1070 1730 1172 1773 res
1209 1708 1418 1789 fuerit,
1449 1710 1783 1793 obligatur
1818 1711 1872 1775 is
1912 1712 2027 1794 qui
2067 1712 2385 1775 damnum
2427 1710 2705 1774 dederit.

403 1812 513 1876 Ac
561 1833 644 1876 ne
688 1814 952 1897 plurimi
1001 1814 1269 1897 quidem
1320 1816 1594 1878 verbum
1646 1816 1941 1879 adicitur.
2052 1814 2188 1885 sed,
2226 1812 2477 1879 Sabino
2529 1823 2707 1878 recte
2736 1820 2803 1876 15

403 1917 649 1998 placuit
710 1918 983 1999 perinde
1036 1917 1415 1981 habendam
1463 1919 2015 1995 aestimationem,
2070 1938 2148 1982 ac
2208 1919 2263 1981 si
2314 1918 2515 1981 etiam
2582 1917 2706 1982 hac

403 2030 592 2102 parte
613 2021 872 2103 plurimi
893 2020 1168 2085 verbum
1188 2022 1522 2085 adiectum
1543 2023 1804 2087 fuisset:
1844 2042 1999 2086 nam
2018 2021 2283 2105 plebem
2308 2021 2705 2099 Romanam,

402 2143 574 2206 quae
595 2124 869 2207 Aquilio
889 2124 1154 2188 tribuno
1172 2136 1447 2208 rogante
1465 2125 1636 2190 hanc
1655 2127 1874 2209 legem
1894 2126 2062 2201 tulit,
2086 2133 2466 2190 contentam
2486 2124 2705 2201 fuisse,

402 2229 582 2310 quod
613 2230 825 2310 prima
859 2238 1046 2311 parte
1079 2250 1158 2293 eo
1188 2231 1390 2293 verbo
1429 2251 1547 2293 usa
1585 2241 1703 2295 est.

491 2330 801 2395 Ceterum
845 2332 1092 2415 placuit
1135 2333 1227 2397 ita
1272 2337 1542 2397 demum
1585 2356 1674 2398 ex
1714 2334 1840 2399 hac
1884 2334 2033 2418 lege
2076 2333 2408 2399 actionem
2453 2352 2613 2407 esse,
2647 2332 2701 2395 si
2734 2346 2801 2401 16

398 2436 547 2516 quis
579 2436 927 2518 praecipue
959 2457 1228 2519 corpore
1261 2458 1380 2500 suo
1411 2438 1731 2501 damnum
1756 2439 2034 2503 dederit.
2117 2436 2399 2519 ideoque
2430 2436 2497 2500 in
2530 2456 2701 2511 eum,

398 2540 512 2622 qui
559 2539 688 2604 alio
735 2540 938 2605 modo
984 2541 1304 2605 damnum
1352 2542 1629 2621 dederit,
1672 2541 1867 2608 utiles
1920 2543 2215 2608 actiones
2262 2540 2404 2606 dari
2450 2541 2700 2604 solent:

397 2643 605 2708 veluti
651 2645 706 2708 si
755 2645 902 2727 quis
950 2643 1288 2709 hominem
1340 2646 1629 2711 alienum
1675 2658 1792 2711 aut
1839 2667 2038 2729 pecus
2093 2648 2187 2712 ita
2232 2644 2582 2724 incluserit,
2630 2655 2703 2708 ut

397 2747 575 2812 fame
635 2759 992 2827 necaretur,
1053 2759 1171 2812 aut
1229 2750 1598 2815 iumentum
1662 2763 1802 2814 tam
1861 2750 2292 2814 vehementer
2350 2749 2574 2830 egerit,
2631 2757 2703 2810 ut

397 2862 828 2934 rumperetur,
889 2861 1004 2917 aut
1077 2874 1276 2935 pecus
1336 2854 1402 2916 in
1462 2864 1725 2919 tantum
1797 2854 2255 2936 exagitaverit,
2318 2861 2390 2914 ut
2450 2851 2701 2934 praeci-

397 2956 732 3036 pitaretur,
764 2965 879 3019 aut
927 2957 981 3019 si
1023 2959 1171 3038 quis
1215 2956 1433 3021 alieno
1477 2979 1664 3022 servo
1712 2957 2121 3040 persuaserit,
2165 2965 2238 3018 ut
2285 2956 2350 3018 in
2398 2955 2701 3018 arborem

396 3061 784 3124 ascenderet
827 3059 931 3123 vel
983 3060 1048 3122 in
1097 3071 1372 3143 puteum
1413 3062 1861 3140 descenderet,
1906 3070 1973 3123 et
2024 3061 2077 3123 is
2131 3058 2549 3123 ascendendo
2597 3059 2703 3121 vel

397 3162 862 3228 descendendo
919 3173 1035 3228 aut
1097 3175 1394 3228 mortuus
1455 3165 1651 3229 suerit
1712 3174 1828 3228 aut
1881 3165 2104 3246 aliqua
2164 3172 2355 3246 parte
2414 3162 2704 3242 corporis

395 3263 614 3330 laesus
658 3269 798 3344 erit,
847 3267 1027 3330 utilis
1088 3268 1154 3330 in
1207 3289 1360 3332 eum
1422 3269 1597 3332 actio
1644 3271 1857 3333 datur.
1948 3269 2066 3332 sed
2113 3268 2167 3330 si
2214 3265 2359 3348 quis
2410 3264 2701 3328 alienum

394 3389 654 3433 servum
687 3371 773 3435 de
815 3381 1018 3453 ponte
1058 3380 1174 3434 aut
1212 3372 1353 3454 ripa
1399 3373 1464 3434 in
1511 3372 1759 3436 flumen
1796 3373 2107 3436 deiecerit
2145 3379 2212 3435 et
2254 3371 2309 3432 is
2346 3368 2702 3433 suffocatus

395 3472 605 3548 fuerit,
654 3494 734 3537 eo
782 3474 958 3556 quod
1008 3475 1353 3556 proiecerit
1402 3497 1676 3558 corpore
1730 3498 1850 3540 suo
1898 3476 2214 3562 damnum
2262 3472 2525 3537 dedisse
2568 3492 2701 3536 non

393 3576 744 3641 difficiliter
787 3576 1083 3658 intellegi
1125 3579 1368 3660 poterit
1405 3580 1689 3662 ideoque
1729 3581 1874 3662 ipsa
1922 3579 2069 3662 lege
2098 3577 2375 3660 Aquilia
2418 3586 2699 3641 tenetur.

393 3682 510 3744 sed
543 3681 596 3743 si
630 3702 762 3744 non
795 3701 1067 3763 corpore
1091 3683 1409 3745 damnum
1442 3682 1637 3747 suerit
1668 3685 1900 3748 datum
1934 3703 2149 3765 neque
2178 3701 2415 3764 corpus
2444 3679 2699 3756 laesum

390 3928 628 3998 occiSOS,
651 3928 699 3984 si
727 3929 854 3999 quis
879 3929 1039 3985 alteri
1068 3931 1342 3985 damnum
1367 3931 1520 4000 faxit,
1546 3933 1703 4003 quod
1728 3932 1947 4002 usserit,
1974 3932 2217 4002 fregerit,
2242 3933 2453 4002 ruperit
2479 3931 2698 4000 iniuria,

390 4012 586 4083 quanti
617 4029 688 4068 ea
719 4030 810 4068 res
849 4013 953 4069 erit
993 4014 1049 4068 in
1088 4013 1288 4069 diebus
1325 4015 1556 4085 triginta
1592 4015 1881 4085 proximiS,
1907 4027 2129 4070 tantum
2166 4033 2263 4070 aes
2304 4014 2536 4070 domino
2562 4016 2699 4070 dare

389 4096 632 4150 damnas
659 4106 783 4151 esto
799 4098 812 4125 ²
841 4097 970 4166 Dig.
996 4113 1044 4167 9.
1070 4113 1116 4151 2.
1139 4111 1222 4165 27.
1250 4111 1294 4167 5.
1370 4100 1495 4153 The
1521 4098 1949 4168 interpretation
1976 4099 2041 4154 of
2058 4099 2269 4169 ruperit
2292 4098 2370 4169 by
2389 4099 2697 4168 corruperit

391 4179 431 4247 (‘
447 4179 666 4250 rupisse
687 4181 922 4234 verbum
949 4181 1065 4236 fere
1092 4197 1291 4236 omnes
1311 4193 1530 4237 veteres
1556 4182 1641 4237 sic
1666 4183 2075 4252 intellexerunt,
2096 4183 2442 4254 corrupisse’
2469 4183 2599 4252 Dig.
2619 4183 2697 4237 ib.

389 4276 476 4329 27.
510 4263 595 4333 13)
622 4263 868 4332 brought
895 4265 970 4318 all
997 4264 1241 4333 damage
1267 4265 1479 4325 caused
1503 4266 1580 4335 by
1605 4267 1934 4322 immediate
1969 4266 2225 4336 physical
2250 4275 2477 4321 contact
2502 4266 2636 4319 with
2661 4283 2697 4320 a

388 4364 480 4400 res
505 4346 695 4402 aliena
721 4347 1016 4416 (damnum
1051 4365 1287 4418 corpore
1323 4349 1543 4419 corpori
1581 4349 1797 4418 datum,
1824 4351 1956 4420 Dig.
1982 4351 2055 4405 ib.
2086 4362 2170 4417 27.
2204 4364 2264 4417 13
2291 4365 2394 4419 sq„
2422 4346 2450 4419 §
2486 4347 2549 4402 16
2574 4347 2694 4416 ins.)

387 4429 582 4483 within
609 4431 706 4484 the
731 4440 907 4485 terms
933 4431 1000 4485 os
1015 4431 1112 4486 the
1138 4441 1363 4487 statute.

463 4511 491 4585 ξ
519 4514 617 4569 16.
657 4515 774 4570 For
807 4513 1062 4572 actiones
1099 4514 1156 4570 in
1194 4516 1406 4571 factum
1441 4514 1498 4569 in
1523 4517 1755 4586 general
1780 4533 1877 4573 see
1900 4517 2215 4573 references
2240 4526 2301 4571 to
2326 4515 2613 4570 Excursus
2638 4515 2695 4570 X
