3230 5116
276 410 405 458 Tit.
431 404 503 470 8.]
851 403 973 458 DE
1016 403 1514 460 NOXALIBUS
1550 403 1605 458 A
1618 403 1666 460 C
1668 403 1760 458 TI
1757 403 2071 460 ONIBUS
2071 443 2086 459 .
2479 394 2606 480 563

276 576 423 631 aut
453 569 670 633 edicto
715 571 1071 652 praetoris:
1117 568 1374 652 legibus
1402 569 1607 632 veluti
1645 567 1798 632 furti
1842 568 1989 650 lege
2027 568 2376 632 duodecim
2414 570 2606 634 tabu-

278 671 535 750 larum,
558 673 785 737 damni
810 674 1083 738 iniuriae
1102 673 1251 756 lege
1269 672 1578 755 Aquilia:
1627 674 1844 736 edicto
1874 674 2195 753 praetoris
2216 671 2416 736 veluti
2440 673 2606 736 iniu-

280 776 546 838 riarum
583 786 651 841 et
678 777 743 841 vi
772 778 1095 841 bonorum
1128 787 1483 859 raptorum.
1574 776 1814 842 Omnis
1857 786 2085 841 autem
2131 776 2392 840 noxalis
2428 778 2604 841 actio
2631 791 2666 844 5

279 888 503 960 caput
522 881 833 962 sequitur.
880 901 1035 944 nam
1054 881 1109 944 si
1132 900 1354 944 servus
1373 888 1527 944 tuus
1550 880 1824 944 noxiam
1845 881 2265 959 commiserit,
2285 881 2604 962 quamdiu

279 984 361 1045 in
401 991 516 1046 tua
547 993 880 1066 potestate
920 985 1023 1063 sit,
1055 994 1275 1049 tecum
1306 993 1408 1047 est
1438 985 1612 1049 actio
1642 1007 1656 1046 ε
1703 985 1757 1048 si
1792 985 1858 1047 in
1900 985 2168 1048 alterius
2199 993 2604 1066 potestatem

280 1088 687 1168 pervenerit,
714 1108 863 1152 cum
895 1088 1008 1152 illo
1038 1087 1268 1170 incipit
1301 1087 1475 1152 actio
1506 1108 1670 1167 esse,
1686 1097 1805 1152 aut
1834 1089 1888 1151 si
1921 1090 2366 1152 manumissus
2394 1087 2604 1166 fuerit,

280 1189 553 1254 directo
585 1192 725 1273 ipse
754 1202 1018 1257 tenetur
1050 1203 1119 1256 et
1164 1191 1577 1275 extinguitur
1617 1211 1835 1256 noxae
1878 1193 2148 1256 deditio.
2224 1213 2313 1255 ex
2344 1192 2605 1256 diverso

280 1312 561 1376 quoque
592 1296 842 1360 directa
880 1297 1057 1360 actio
1104 1296 1367 1360 noxalis
1410 1317 1555 1360 esse
1593 1295 1856 1378 incipit:
1907 1317 2060 1359 nam
2103 1297 2158 1360 si
2200 1295 2366 1358 liber
2399 1295 2604 1360 homo

280 1399 570 1462 noxiam
595 1400 998 1464 commiserit
1020 1409 1089 1464 et
1118 1401 1173 1464 is
1196 1419 1421 1463 servus
1444 1409 1597 1464 tuus
1629 1419 1772 1464 esse
1800 1401 2090 1482 coeperit
2113 1396 2320 1485 (quod
2346 1400 2604 1464 casibus

280 1501 692 1582 quibusdam
738 1503 904 1567 effici
956 1503 1170 1586 primo
1223 1504 1392 1567 libro
1438 1501 1876 1588 tradidimus),
1917 1504 2144 1587 incipit
2191 1513 2410 1568 tecum
2458 1524 2602 1568 esse

284 1605 559 1668 noxalis
610 1609 808 1683 acti0,
858 1628 1031 1689 quae
1081 1614 1236 1671 ante
1289 1608 1540 1671 directa
1588 1607 1844 1673 suisset.
1932 1608 2004 1673 Si
2058 1628 2282 1671 servus
2329 1607 2600 1672 domino
2627 1617 2662 1670 6

288 1709 572 1774 noxiam
626 1710 1044 1789 commiserit,
1089 1710 1262 1774 actio
1307 1709 1489 1774 nulla
1534 1713 1858 1776 nascitur:
1924 1731 2210 1794 namque
2263 1715 2436 1776 inter
2481 1713 2598 1775 do-

288 1811 551 1874 minum
583 1821 652 1877 et
683 1832 835 1875 eum
878 1815 989 1895 qui
1036 1814 1102 1876 in
1136 1813 1274 1877 eius
1316 1822 1652 1896 potestate
1695 1823 1794 1878 est
1839 1814 2020 1878 nulla
2059 1815 2380 1898 obligatio
2421 1817 2600 1878 nasci

288 1923 540 1995 potest.
616 1916 897 1999 ideoque
927 1927 995 1982 et
1024 1918 1079 1981 si
1110 1918 1177 1982 in
1216 1916 1501 1981 alienam
1543 1926 1948 2000 potestatem
1981 1938 2202 1980 servus
2234 1920 2602 1998 pervenerit

287 2028 411 2082 aut
458 2021 899 2084 manumissus
944 2019 1157 2098 fuerit,
1188 2041 1400 2104 neque
1444 2041 1595 2085 cum
1643 2021 1786 2104 ipso
1834 2040 2047 2102 neque
2091 2040 2242 2083 cum
2281 2041 2379 2097 e0,
2418 2021 2600 2084 cuius

290 2139 468 2185 nunc
528 2122 595 2185 in
654 2132 989 2205 potestate
1049 2125 1152 2202 sit,
1205 2125 1313 2208 agi
1374 2134 1614 2206 potest.
1713 2125 1891 2187 unde
1951 2123 2004 2186 si
2063 2122 2317 2186 alienus
2377 2143 2600 2186 servus

292 2224 569 2288 noxiam
629 2227 749 2290 tibi
803 2227 1206 2293 commiserit
1254 2237 1322 2292 et
1376 2229 1431 2292 is
1490 2239 1727 2311 postea
1781 2227 1847 2290 in
1893 2235 2227 2310 potestate
2285 2235 2404 2290 tua
2455 2246 2600 2290 esse

288 2330 599 2410 coeperit,
650 2330 982 2396 intercidit
1033 2332 1225 2409 actio,
1262 2333 1419 2415 quia
1463 2333 1529 2395 in
1574 2352 1728 2396 eum
1774 2352 2001 2396 casum
2047 2331 2335 2395 deducta
2379 2330 2486 2406 sit,
2531 2330 2600 2394 in

288 2451 425 2513 quo
470 2435 827 2498 consistere
879 2455 1011 2499 non
1060 2437 1317 2519 potuit:
1374 2436 1657 2519 ideoque
1702 2437 1856 2500 licet
1901 2434 2139 2498 exierit
2186 2435 2271 2498 de
2319 2442 2434 2497 tua
2483 2453 2600 2516 po-

291 2545 553 2614 testate,
587 2558 782 2622 agere
813 2561 945 2604 non
977 2549 1186 2624 potes,
1218 2540 1786 2623 quemadmodum
1812 2540 1864 2604 si
1896 2539 2205 2603 dominus
2237 2539 2302 2602 in
2335 2555 2595 2603 servum

290 2660 482 2703 suum
536 2643 785 2726 aliquid
838 2645 1259 2723 commiserit,
1319 2665 1439 2709 nec
1500 2644 1553 2707 si
1615 2644 2059 2707 manumissus
2105 2642 2211 2706 vel
2271 2642 2598 2707 alienatus

291 2742 485 2809 fuerit
516 2767 760 2825 servuS,
790 2747 993 2811 ullam
1035 2748 1365 2812 actionem
1406 2756 1639 2811 contra
1673 2747 2018 2810 dominum
2063 2747 2309 2809 habere
2354 2756 2595 2828 potest.

292 2938 433 2993 from
470 2941 679 2997 veluti.
706 2980 721 2997 .
746 2981 761 2997 .
786 2940 957 2997 veluti
988 2960 999 2995 :
1038 2958 1073 2996 a
1108 2942 1277 2995 noxal
1314 2939 1504 2995 action
1542 2956 1660 2995 was
1694 2940 1864 3009 given
1899 2956 2054 3011 upon
2099 2940 2488 3012 quasi-delicts
2531 2958 2595 2994 as

295 3023 432 3092 well,
460 3023 595 3094 Dig.
622 3040 671 3094 9.
701 3040 753 3092 4.
781 3039 831 3080 2.
865 3039 929 3094 13
966 3038 1054 3092 47.
1089 3040 1131 3079 1.
1168 3039 1209 3078 1.
1240 3039 1315 3091 23
1354 3038 1439 3091 47.
1468 3038 1517 3091 7.
1545 3036 1592 3091 7.
1629 3037 1676 3093 5.

363 3104 471 3177 ξῦ.
514 3109 628 3163 For
663 3109 760 3164 the
796 3108 996 3163 modes
1034 3108 1091 3162 in
1123 3107 1306 3162 which
1340 3124 1375 3163 a
1412 3107 1530 3163 free
1569 3124 1702 3162 man
1742 3106 1911 3162 could
1948 3107 2186 3163 become
2228 3124 2263 3161 a
2300 3108 2456 3162 slave
2499 3124 2595 3161 see

299 3190 398 3244 Bk.
425 3191 462 3245 i.
488 3207 536 3260 3.
564 3208 614 3261 4,
642 3192 757 3247 and
781 3203 944 3248 notes
972 3182 1121 3262 supr.

365 3271 391 3343 ξ
416 3278 475 3330 6.
512 3277 638 3330 The
665 3276 783 3330 first
808 3275 915 3329 few
940 3275 1081 3329 lines
1108 3275 1174 3329 of
1197 3275 1311 3329 this
1346 3273 1561 3329 section
1595 3290 1694 3329 are
1725 3290 1874 3344 open
1907 3283 1968 3329 to
1998 3273 2463 3344 misconception.
2543 3275 2594 3328 lt

296 3374 402 3413 was
438 3368 539 3413 not
577 3359 791 3428 merely
814 3359 937 3413 that
976 3375 1053 3412 no
1089 3357 1277 3412 action
1307 3358 1399 3428 lay
1424 3374 1576 3427 upon
1615 3375 1651 3412 a
1689 3357 1860 3411 delict
1899 3357 2231 3413 committed
2268 3358 2344 3425 by
2369 3374 2404 3411 a
2437 3358 2592 3412 slave

297 3442 509 3511 against
535 3443 625 3497 his
652 3442 932 3511 dominuS,
951 3443 1052 3496 but
1074 3442 1116 3497 it
1136 3458 1280 3511 gave
1304 3441 1417 3496 rise
1436 3450 1495 3496 to
1515 3458 1591 3495 no
1610 3440 1923 3510 obligation
1943 3441 2592 3497 whatever—doubtless

295 3526 529 3581 because
553 3527 651 3581 the
675 3534 889 3580 master
918 3526 1086 3580 could
1122 3534 1217 3594 get
1256 3525 1373 3579 him
1409 3524 1692 3593 punished
1725 3524 1801 3593 by
1828 3541 1902 3578 an
1939 3524 2144 3594 appeal
2180 3534 2240 3579 to
2277 3525 2374 3579 the
2412 3534 2591 3579 extra-

296 3608 569 3665 ordinaria
592 3607 841 3679 cognitio
867 3608 933 3663 of
948 3609 1044 3663 the
1067 3619 1311 3679 praetor,
1338 3625 1403 3662 or
1438 3624 1583 3663 even
1615 3606 1792 3662 inflict
1826 3608 1924 3663 the
1956 3609 2186 3678 penalty
2219 3607 2277 3662 in
2309 3624 2516 3679 person
2551 3608 2600 3662 if

296 3692 383 3747 the
405 3693 621 3748 offence
647 3710 792 3749 were
818 3710 856 3747 a
880 3690 1020 3759 light
1046 3709 1171 3747 one.
1250 3694 1374 3746 Nor
1398 3690 1447 3745 is
1474 3690 1517 3745 it
1542 3701 1666 3745 true
1692 3692 1816 3746 that
1844 3690 2021 3747 ‘inter
2051 3690 2344 3746 dominum
2375 3701 2431 3746 et
2458 3707 2589 3747 eum

298 3775 381 3846 qui
416 3775 473 3829 in
510 3785 791 3845 potestate
823 3776 945 3831 eius
984 3786 1071 3831 est
1109 3777 1265 3831 nulla
1297 3774 1570 3844 obligatio
1606 3774 1766 3830 nasci
1803 3776 2045 3845 potest:’
2085 3775 2342 3830 between
2375 3786 2589 3831 master

300 3859 400 3913 and
424 3859 594 3927 slave,
619 3870 781 3928 pater
805 3859 920 3914 and
946 3859 1357 3929 filiusfamilias,
1377 3859 1538 3914 there
1564 3858 1734 3912 could
1758 3859 1831 3913 be
1857 3857 2132 3914 naturalis
2156 3858 2258 3913 but
2283 3868 2382 3914 not
2408 3857 2588 3914 civilis

300 3940 569 4011 obligati0,
596 3941 708 3996 Tit.
734 3954 784 4009 7.
812 3956 844 4009 3
868 3960 1039 4013 supr.,
1068 3943 1201 4011 Dig.
1233 3957 1314 3997 12.
1339 3943 1391 3997 6.
1417 3942 1490 4008 64
1512 3962 1527 4007 ;
1563 3957 1651 4008 44.
1677 3954 1725 4009 7.
1762 3957 1842 4008 14.

360 4024 477 4079 Th'e
522 4024 850 4080 Proculians
886 4026 1001 4079 had
1037 4026 1390 4081 maintained
1434 4026 1559 4080 that
1604 4026 1703 4081 the
1746 4024 1938 4081 action
1981 4025 2069 4080 for
2109 4026 2207 4081 the
2251 4024 2420 4079 delict
2458 4026 2525 4080 of
2553 4042 2588 4080 a

301 4106 439 4163 slave
463 4125 579 4163 was
604 4118 703 4163 not
730 4108 1124 4179 extinguished
1150 4110 1226 4178 by
1250 4109 1339 4163 his
1366 4109 1595 4178 coming
1621 4109 1802 4163 under
1825 4109 1922 4164 the
1948 4126 2138 4178 power
2161 4108 2226 4163 of
2244 4108 2339 4162 the
2367 4106 2588 4176 injured
2681 4104 2690 4111 ’

300 4207 503 4260 person,
530 4192 631 4245 but
669 4192 803 4261 only
839 4191 1183 4261 suspended,
1220 4191 1383 4246 ‘cum
1420 4208 1555 4246 vero
1592 4191 1787 4246 exierit
1829 4191 1902 4247 de
1938 4208 2069 4246 mea
2109 4199 2410 4261 potestate,
2450 4199 2586 4244 tunc

301 4290 410 4329 eam
433 4274 752 4330 resuscitari
768 4276 783 4303 ’
809 4273 986 4329 Gaius
1012 4274 1083 4329 iv.
1113 4275 1199 4341 78.

361 4358 465 4411 For
488 4357 863 4427 applications
898 4356 963 4411 of
989 4358 1087 4413 the
1114 4358 1235 4412 rule
1268 4356 1285 4385 ‘
1304 4372 1450 4427 quae
1487 4355 1545 4410 in
1582 4373 1713 4411 eam
1749 4374 1980 4411 causam
2012 4364 2385 4427 pervenerunt
2411 4370 2446 4408 a
2472 4371 2587 4425 qua

302 4438 526 4510 incipere
562 4456 677 4493 non
714 4448 975 4510 poterant
1009 4456 1115 4510 pro
1150 4455 1267 4494 non
1310 4438 1534 4509 scriptis
1576 4438 1888 4495 habentur’
1921 4440 1995 4494 cf.
2021 4440 2124 4493 Bk.
2151 4438 2206 4495 ii.
2235 4453 2322 4493 20.
2354 4452 2458 4505 143
2504 4436 2584 4495 iii.

306 4537 425 4594 19.2
449 4540 617 4595 supr„
642 4524 757 4580 and
784 4523 915 4595 Dig.
946 4536 991 4597 5.
1026 4538 1071 4581 1.
1102 4538 1210 4593 113
1246 4524 1297 4581 8.
1330 4538 1375 4580 1.
1410 4538 1464 4577 11
1498 4539 1513 4591 ;
1550 4538 1603 4593 9.
1630 4537 1681 4581 2.
1714 4523 1820 4591 16;
1856 4538 1941 4594 34.
1967 4524 2018 4581 8.
2045 4538 2097 4594 3.
2124 4538 2174 4579 2.

1352 4624 1542 4679 002
