3230 5116
369 426 469 476 Tit.
492 422 602 490 27.]
662 421 783 475 DE
815 418 1536 475 OBLIGATIONIBUS
1564 419 1967 492 QUASIEX
1983 420 2497 479 CONTRACTU.
2541 422 2671 495 445

373 585 615 650 iudicio
646 607 734 650 ex
764 584 867 650 his
898 585 1110 651 causis
1155 584 1487 669 obligatus
1529 594 1652 651 est.
1748 587 1964 651 Heres
2002 608 2267 670 quoque
2297 586 2668 671 legatorum
2699 607 2734 661 5

372 691 641 755 nomine
671 712 803 755 non
836 691 1099 773 proprie
1135 710 1223 754 ex
1254 699 1591 755 contractu
1635 690 1970 774 obligatus
2000 691 2400 774 intellegitur
2429 687 2673 776 (neque

374 794 548 857 enim
581 815 731 859 cum
772 793 1017 859 herede
1064 814 1277 877 neque
1318 815 1469 859 curn
1508 792 1825 861 defuncto
1865 794 2071 859 ullum
2111 795 2448 878 negotium
2493 794 2675 878 lega-

372 899 577 962 tarius
605 900 884 981 gessisse
908 899 1168 982 proprie
1190 899 1319 963 dici
1351 895 1637 989 pote-st),:
1682 909 1749 963 et
1781 910 2024 974 tamen,
2050 899 2205 983 quia
2230 921 2317 963 ex
2351 899 2674 963 maleficio

374 1022 507 1067 non
540 1014 641 1069 est
672 1004 1003 1088 obligatus
1026 1004 1237 1079 heres,
1263 1004 1457 1087 quasi·
1485 1025 1573 1069 ex
1606 1014 1946 1070 contractu
1979 1005 2220 1069 debere
2253 1003 2672 1087 intellegitur.

376 1106 551 1171 Item
598 1109 669 1188 is,
714 1110 817 1174 cui
871 1108 1019 1193 quis
1067 1129 1186 1192 per
1230 1129 1515 1174 errorem
1565 1129 1698 1173 non
1752 1109 2051 1174 debitum
2099 1108 2312 1187 solvit,
2350 1109 2538 1192 quasi
2585 1130 2672 1173 ex
2699 1127 2736 1181 6

372 1223 717 1277 contractu
748 1214 993 1278 debere
1022 1214 1299 1279 videtur.
1372 1215 1543 1279 adeo
1590 1214 1766 1279 enim
1809 1234 1941 1278 non
1983 1213 2386 1296 intellegitur
2415 1214 2676 1297 proprie

376 1337 466 1379 ex
512 1327 853 1382 contractu
897 1317 1254 1401 obligatuS,
1301 1326 1393 1394 ut,
1440 1318 1495 1381 si
1541 1318 1887 1383 certiorem
1934 1318 2255 1383 rationem
2305 1338 2674 1401 sequamur,

376 1422 588 1503 magis
619 1431 692 1485 ut
714 1442 911 1504 supra
934 1422 1228 1486 diximus
1252 1442 1340 1485 ex
1370 1423 1710 1499 distractu,
1738 1442 1938 1505 quarn
1972 1441 2060 1485 ex
2091 1429 2432 1485 contractu
2465 1422 2676 1503 possit

377 1525 507 1589 dici
562 1525 893 1609 obligatus
934 1543 1113 1591 esse:
1159 1546 1313 1591 nam
1364 1527 1477 1610 qui
1522 1526 1819 1591 solvendi
1866 1527 2089 1592 animo
2137 1526 2484 1610 pecuniam
2536 1526 2672 1603 dat,

374 1630 443 1692 in
486 1630 611 1696 hoc
656 1632 814 1696 dare
840 1632 1118 1709 videtur,
1149 1640 1227 1697 ut
1268 1630 1593 1697 distrahat
1638 1634 1856 1715 potius
1900 1632 2240 1714 negotium
2281 1651 2484 1714 quam
2516 1651 2672 1695 con-

372 1734 613 1799 trahat.
700 1736 817 1799 sed
871 1745 1099 1800 tamen
1156 1736 1432 1819 proinde
1485 1737 1541 1800 is
1591 1737 1706 1820 qui
1766 1736 2022 1819 accepit
2079 1734 2428 1818 obligatur,
2487 1755 2566 1798 ac
2620 1736 2674 1799 si

375 1849 677 1903 mutuum
732 1839 827 1903 illi
877 1841 1160 1919 daretur,
1215 1851 1282 1906 et
1330 1842 1481 1905 ideo
1529 1841 1944 1906 condictione
1992 1850 2273 1905 tenetur.
2365 1839 2479 1903 Ex
2531 1839 2672 1922 qui·
2702 1854 2737 1911 7

372 1943 658 2008 busdam
710 1955 936 2010 tamen
990 1946 1205 2011 causis
1257 1947 1466 2030 repeti
1519 1966 1652 2010 non
1709 1953 1950 2027 potest,
2003 1946 2179 2029 quod
2227 1963 2346 2028 per
2390 1964 2671 2006 errorem

373 2066 505 2111 non
550 2048 850 2114 debitum
904 2049 1194 2114 solutum
1249 2050 1353 2114 sit.
1428 2048 1521 2113 sic
1564 2070 1853 2132 namque
1899 2048 2336 2112 definiverunt
2379 2057 2672 2111 veteres:

374 2171 462 2215 ex
508 2153 746 2238 quibus
790 2155 1003 2219 causis
1049 2154 1392 2219 infitiando
1440 2154 1518 2217 lis
1564 2156 1815 2233 crescit,
1846 2174 1934 2217 ex
1979 2153 2081 2218 his
2129 2153 2338 2217 causis
2382 2172 2513 2215 non
2553 2152 2670 2215 de-

372 2257 588 2321 bitum
621 2258 912 2322 solutum
957 2259 1165 2342 repeti
1211 2278 1343 2322 non
1389 2279 1602 2341 posse,
1635 2258 1840 2322 veluti
1885 2280 1972 2321 ex
2015 2255 2162 2339 lege
2193 2255 2482 2339 Aquilia,
2512 2256 2672 2319 item

374 2382 462 2425 ex
493 2362 735 2446 legato,
806 2364 986 2446 quod
1016 2373 1270 2428 veteres
1315 2364 1585 2446 quidem
1635 2364 1702 2426 in
1747 2361 1850 2427 his
1892 2361 2131 2445 legatis
2174 2360 2390 2425 locum
2431 2360 2677 2425 habere

370 2466 740 2547 voluerunt,
772 2487 944 2550 quae
984 2479 1164 2532 certa
1204 2469 1565 2534 constituta
1611 2488 1730 2552 per
1761 2466 2257 2532 damnationem
2289 2465 2679 2548 cuicumque

372 2572 634 2637 fuerant
674 2573 934 2656 legata:
980 2581 1203 2638 nostra
1249 2584 1474 2638 autem
1506 2572 1894 2638 constitutio
1936 2592 2086 2636 curn
2129 2591 2329 2635 unam
2373 2580 2677 2634 naturam

373 2678 681 2741 omnibus
740 2676 981 2761 legatis
1035 2685 1102 2741 et
1155 2677 1686 2743 fideicommissis
1740 2675 2030 2751 indulsit,
2085 2674 2464 2738 huiusmodi
2517 2693 2677 2756 aug-

375 2792 674 2845 mentum
724 2783 791 2846 in
838 2782 1146 2846 omnibus
1187 2782 1424 2866 legatis
1457 2791 1525 2845 et
1566 2782 2092 2847 fideicommissis
2124 2779 2398 2842 extendi
2428 2777 2673 2841 voluit:

374 2886 493 2949 sed
540 2907 671 2950 non
718 2886 1027 2951 omnibus
1070 2887 1408 2970 legatariis
1447 2886 1770 2970 praebuit,
1805 2887 1922 2950 sed
1965 2883 2430 2950 tantummodo
2471 2882 2536 2945 in
2573 2881 2678 2946 his

374 2989 614 3074 legatis
654 3001 723 3055 et
774 2991 1316 3071 fideicommissiS,
1370 3013 1541 3076 quae
1593 2989 2027 3056 sacrosanctis
2075 2987 2366 3052 ecclesiis
2411 2987 2678 3051 ceteris-

376 3114 506 3177 que
564 3095 1041 3159 venerabilibus
1100 3095 1279 3176 lociS,
1325 3116 1499 3178 quae
1559 3095 1894 3177 religionis
1947 3092 2051 3157 vel
2103 3091 2370 3174 pietatis
2431 3091 2671 3156 intuitu

374 3197 905 3276 honorificantur,
946 3200 1259 3266 derelicta
1298 3210 1470 3281 sunt,
1511 3220 1684 3284 quae
1724 3199 1779 3264 si
1820 3198 2116 3262 indebita
2153 3194 2510 3270 solvantur,
2543 3215 2676 3259 non

376 3312 779 3384 repetuntur.

446 3571 475 3645 ξ
503 3575 561 3628 5.
600 3575 668 3629 In
696 3573 874 3632 Gaius
899 3575 957 3630 ii.
985 3591 1016 3644 3
1024 3588 1051 3646 5
1090 3577 1205 3632 and
1240 3577 1326 3647 36,
1352 3577 1449 3632 the
1473 3575 1652 3632 aditio
1689 3575 1754 3631 of
1779 3576 1876 3632 the
1913 3573 2217 3643 hereditaS,
2245 3571 2429 3626 which
2458 3581 2676 3626 creates

371 3656 485 3714 this
506 3658 1043 3729 quasi-contractual
1068 3660 1305 3715 relation
1330 3662 1586 3716 between
1612 3661 1778 3716 heres
1803 3659 1918 3714 and
1943 3655 2216 3728 legatarii,
2242 3656 2291 3711 is
2317 3655 2474 3711 itself
2493 3653 2676 3709 called

372 3742 661 3813 obligatio.
732 3743 945 3798 Where
971 3744 1069 3798 the
1106 3761 1197 3798 res
1230 3745 1419 3814 legata
1454 3761 1569 3798 was
1603 3743 1835 3814 specific
1871 3750 2138 3814 property
2163 3740 2228 3795 of
2257 3741 2355 3796 the
2394 3739 2676 3794 testator-’s

373 3843 516 3896 own,
544 3827 640 3882 the
663 3828 882 3897 legatee
907 3827 1023 3882 had
1048 3845 1084 3882 a
1108 3826 1256 3898 right
1283 3827 1341 3882 in
1366 3845 1507 3894 rem,
1529 3827 1648 3882 and
1673 3826 1840 3883 could
1865 3842 2097 3883 recover
2120 3823 2163 3882 it
2188 3825 2265 3895 by
2291 3821 2614 3880 vindicatio·

448 3907 477 3981 ξ
505 3913 561 3965 6.
602 3912 684 3965 Cf.
714 3909 825 3965 Tit.
858 3925 937 3977 14.
971 3927 992 3965 1
1022 3912 1139 3967 and
1164 3921 1343 3982 notes,
1372 3929 1520 3982 supr.

448 3991 477 4065 ξ
506 3997 557 4050 7.
597 3993 723 4048 The
760 4009 921 4048 cases
958 3995 1025 4048 of
1050 3995 1119 4051 lis
1157 4012 1419 4050 crescens
1456 3994 1826 4050 enumerated
1861 3994 1939 4063 by
1965 3991 2142 4048 Gaius
2177 3991 2235 4046 in
2271 3989 2344 4046 iv.
2373 4005 2408 4060 9
2431 3989 2546 4045 and
2579 4001 2669 4056 171

375 4093 472 4132 are
498 4078 594 4133 the
618 4076 871 4133 actiones
896 4077 1144 4148 iudicati,
1172 4078 1407 4150 depensi
1435 4077 1591 4148 (note
1618 4095 1692 4132 on
1714 4076 1822 4132 Tit.
1847 4091 1929 4131 20.
1952 4094 2035 4147 pr.
2054 4074 2227 4146 supr.)
2255 4073 2449 4129 damni
2475 4072 2678 4128 iniuria

373 4178 443 4216 ex
468 4162 591 4227 lege
617 4161 863 4232 Aquilia,
882 4162 997 4217 and
1022 4162 1145 4217 that
1170 4162 1258 4216 for
1282 4162 1379 4218 the
1404 4178 1673 4230 recovery
1693 4160 1758 4216 of
1775 4178 1810 4215 a
1835 4161 2084 4229 legatum
2109 4175 2210 4228 per
2229 4157 2677 4212 damnationem.

374 4243 611 4301 Besides
638 4243 837 4300 claims
861 4246 947 4301 for
971 4245 1216 4316 legacies
1242 4245 1317 4300 ad
1342 4244 1466 4316 pias
1493 4261 1696 4299 causas
1725 4242 1834 4313 (for
1857 4242 2040 4298 which
2065 4242 2136 4297 cf.
2158 4242 2262 4296 Bk.
2283 4241 2354 4296 iv.
2376 4240 2426 4295 6.
2454 4255 2517 4309 19
2537 4237 2676 4309 inf.),

372 4345 456 4384 we
475 4337 627 4384 must
645 4328 760 4383 add
785 4330 882 4384 the
907 4328 1126 4384 actions
1154 4345 1227 4383 on
1255 4326 1577 4398 depositum
1597 4325 1918 4381 miserabile
1937 4326 2092 4396 (note
2113 4342 2187 4379 on
2208 4323 2318 4379 Tit.
2347 4338 2422 4390 14.
2447 4337 2479 4391 3
2500 4320 2674 4390 supr.)

373 4412 477 4467 Bk.
507 4410 577 4467 iv.
603 4412 655 4466 6.
682 4412 752 4467 26
788 4411 911 4480 inf.;
943 4430 1017 4468 on
1055 4429 1091 4467 a
1126 4412 1283 4468 bond
1320 4413 1509 4466 whose
1548 4409 1921 4481 authenticity
1945 4409 1994 4464 is
2027 4409 2234 4464 denied
2266 4408 2343 4476 by
2369 4407 2463 4462 the
2499 4405 2676 4476 givet,

375 4496 525 4552 Nov.
558 4496 638 4550 18.
665 4497 716 4566 8,
749 4496 865 4551 and
902 4496 1083 4551 under
1119 4513 1279 4552 some
1316 4494 1757 4551 circumstances
1795 4494 1892 4550 the
1930 4492 2080 4548 actio
2117 4489 2500 4557 redhibitoria,
2541 4488 2672 4558 Dig.

373 4594 457 4635 21.
493 4594 534 4634 1.
562 4591 646 4649 45.
722 4579 846 4635 The
870 4597 1075 4636 reason
1100 4579 1227 4652 why
1254 4578 1538 4636 condictio
1567 4576 1806 4635 indebiti
1845 4577 1892 4634 is
1928 4575 2203 4634 excluded
2241 4575 2298 4630 in
2325 4573 2486 4630 these
2511 4589 2674 4628 cases
