3230 5116
404 398 505 446 Tit.
538 390 636 457 16.]
810 389 931 445 DE
971 389 1262 446 POENA
1318 388 1675 445 TEMERE
1713 389 2316 447 LJTJGANTJUM
2580 395 2706 467 599

494 555 604 618 De
655 555 886 619 ordine
934 564 1002 619 et
1048 554 1255 619 veteri
1300 553 1486 617 exitu
1537 554 2038 620 interdictorum
2084 576 2558 637 supervacuum
2608 564 2708 620 est
2736 570 2772 625 3

403 656 606 722 hodie
635 659 889 723 dicere:
938 679 1094 722 nam
1140 658 1446 740 quotiens
1488 668 1681 723 extra
1719 660 2020 723 ordinem
2062 660 2160 723 ius
2201 660 2456 736 dicitur,
2489 660 2710 743 qualia

403 771 558 825 sunt
596 762 800 827 hodie
841 764 1065 826 omnia
1107 761 1361 840 iudicia,
1401 783 1536 826 non
1578 772 1680 827 est
1727 782 1995 827 necesse
2035 764 2221 828 reddi
2267 764 2706 837 interdictum,

403 868 523 930 sed
569 868 842 951 perinde
885 866 1212 930 iudicatur
1250 866 1391 930 sine
1432 866 1812 945 interdictiS,
1844 876 2044 949 atque
2088 866 2142 931 si
2185 867 2365 933 utilis
2401 869 2574 933 actio
2619 884 2707 932 ex

402 990 601 1035 causa
632 970 963 1036 interdicti
991 971 1250 1035 reddita
1281 969 1528 1035 suisset.

1464 1208 1655 1274 XVI.

891 1404 993 1455 DE
1040 1403 1285 1454 PoENA
1332 1403 1638 1454 TEMERE
1684 1403 2220 1465 LITIGANTIUM.

490 1572 689 1637 Nunc
721 1571 1125 1636 admonendi
1157 1591 1383 1634 sumus
1422 1591 1736 1655 magnam
1766 1591 1991 1637 curam
2024 1574 2236 1656 egisse
2267 1593 2396 1653 e03,
2427 1570 2540 1657 qui
2571 1571 2708 1637 iura

402 1677 834 1748 sustinebant,
896 1695 980 1740 ne
1037 1674 1231 1739 facile
1286 1673 1591 1739 homines
1643 1676 1729 1739 ad
1790 1675 2184 1760 litigandum
2236 1678 2705 1761 procederent:

401 1782 582 1864 quod
616 1790 683 1844 et
715 1778 905 1843 nobis
937 1780 1159 1843 studio
1191 1786 1311 1843 est.
1404 1780 1603 1861 idque
1634 1800 1715 1844 eo
1747 1780 2043 1844 maxime
2084 1780 2223 1844 fieri
2255 1788 2496 1863 potest,
2527 1780 2706 1863 quod

401 1884 742 1949 temeritas
794 1893 935 1948 tam
989 1882 1327 1965 agentium
1376 1903 1578 1966 quam
1634 1903 1861 1947 eorum
1911 1902 2064 1947 cum
2117 1883 2354 1967 quibus
2402 1894 2710 1966 ageretur
2780 1918 2784 1923 ·

404 1989 607 2052 modo
657 1986 1033 2071 pecuniaria
1086 2007 1321 2068 poena,
1384 1987 1585 2050 modo
1652 1985 2062 2050 iurisiurandi
2115 1986 2446 2069 religione,
2503 1988 2706 2051 modo

402 2099 585 2156 metu
636 2090 943 2155 infamiae
986 2100 1339 2154 coercetur.
1450 2089 1624 2154 Ecce
1676 2091 1852 2153 enim
1903 2090 2350 2154 iusiurandum
2398 2090 2763 2153 omnibusl

399 2196 512 2277 qui
558 2196 1034 2259 conveniuntur
1074 2213 1161 2256 ex
1210 2200 1433 2257 nostra
1477 2193 1951 2258 constitutione
1991 2193 2313 2258 defertur:
2362 2214 2516 2257 nam
2559 2213 2708 2257 reus

401 2319 534 2362 non
578 2300 783 2364 aliter·
809 2298 943 2362 suis
984 2296 1494 2381 allegationibus
1531 2298 1753 2374 utitur,
1785 2298 1908 2361 nisi
1949 2298 2128 2381 prius
2170 2298 2496 2373 iuraverit,
2527 2298 2705 2379 quod

402 2412 645 2486 putans
677 2423 747 2466 se
778 2402 955 2466 bona
986 2402 1302 2465 instantia
1342 2402 1439 2464 uti
1482 2401 1568 2465 ad
1614 2402 2200 2466 contradicendum
2231 2402 2548 2485 pervenit.
2637 2412 2709 2466 at

402 2507 717 2571 adversus
748 2505 1111 2571 infitiantes
1141 2525 1229 2569 ex
1260 2504 1657 2588 quibusdam
1699 2506 1912 2570 causis
1952 2505 2138 2587 dupli
2183 2505 2285 2570 vel
2323 2505 2504 2587 tripli
2535 2507 2709 2571 actio

402 2612 843 2690 constituitur,
887 2609 1091 2672 veluti
1138 2608 1193 2672 si
1236 2609 1462 2672 damni
1508 2609 1781 2673 iniuriae
1819 2619 1936 2674 aut
1976 2609 2348 2692 legatorum
2390 2608 2552 2674 locis
2596 2631 2707 2674 ve-

406 2715 809 2778 nerabilibus
841 2714 1214 2778 relictorum
1254 2713 1521 2776 nomine
1564 2713 1799 2795 agitur.
1889 2713 2116 2776 statim
2147 2723 2372 2777 autem
2403 2714 2489 2777 ab
2522 2713 2708 2776 initio

398 2818 605 2902 pluris
646 2838 847 2900 quam
888 2815 1109 2900 simpli
1155 2825 1257 2880 est
1301 2815 1476 2880 actio
1511 2815 1718 2880 veluti
1765 2815 1917 2880 furti
1966 2817 2294 2880 manifesti
2336 2816 2708 2899 quadrupli,

400 2941 521 2987 nec
570 2921 898 2986 manifesti
948 2919 1176 3003 dupli:
1241 2940 1396 2983 nam
1448 2941 1535 2983 ex
1580 2917 1686 2982 his
1732 2920 1944 2984 causis
1989 2930 2056 2984 et
2100 2919 2246 2984 aliis
2295 2919 2707 3002 quibusdam,

399 3027 537 3092 sive
591 3027 738 3108 quis
791 3035 991 3108 neget
1039 3025 1177 3088 sive
1223 3023 1523 3101 fateatur,
1575 3023 1782 3106 pluris
1843 3043 2044 3106 quam
2093 3022 2313 3106 simpli
2361 3032 2462 3087 est
2513 3023 2706 3087 actio.

398 3129 559 3194 item
609 3129 848 3193 actoris
896 3149 1163 3211 quoque
1211 3126 1541 3192 calumnia
1594 3135 1966 3192 coercetur:
2062 3146 2216 3190 nam
2271 3126 2471 3189 etiam
2525 3135 2710 3190 actor

398 3255 520 3316 pro
553 3234 884 3298 calumnia
916 3234 1127 3296 iurare
1157 3231 1415 3314 cogitur
1449 3252 1535 3294 ex
1568 3238 1792 3294 nostra
1821 3230 2308 3295 constitutione.
2368 3229 2708 3312 utriusque

400 3340 603 3402 etiarn
652 3337 862 3420 partis
907 3337 1215 3400 advocati
1262 3336 1715 3398 iusiurandum
1757 3334 2059 3410 subeunt,
2093 3335 2272 3417 quod
2313 3333 2442 3397 alia
2481 3341 2707 3397 nostra

399 3442 872 3507 constitutione
930 3438 1482 3522 comprehensum
1544 3446 1664 3502 est.
1782 3437 1947 3502 haec
2013 3447 2238 3502 autem
2303 3437 2527 3502 omnia
2585 3458 2706 3520 pro

398 3696 621 3765 double,
648 3714 711 3751 as
752 3696 799 3751 is
838 3697 990 3750 clear
1023 3696 1171 3750 from
1208 3694 1305 3751 the
1343 3703 1475 3763 text,
1511 3694 1760 3748 because
1797 3694 1957 3749 there
1994 3693 2042 3748 is
2081 3711 2158 3748 no
2195 3693 2515 3761 difference,
2544 3710 2608 3748 as
2647 3691 2705 3748 in

398 3780 664 3848 ordinary
704 3780 923 3835 actions
964 3779 1079 3833 and
1118 3777 1320 3848 simple
1357 3776 1668 3846 interdictS,
1705 3777 1961 3832 between
2001 3778 2097 3833 the
2136 3777 2453 3847 respective
2495 3776 2613 3832 rdle
2648 3777 2714 3830 of

398 3861 649 3931 plaintiff
676 3863 791 3916 and
817 3862 1163 3928 defendant3
1200 3863 1298 3916 the
1340 3860 1558 3916 burden
1601 3859 1667 3915 of
1697 3860 1868 3930 proof
1895 3859 2000 3915 lies
2039 3876 2190 3930 upon
2226 3860 2323 3915 the
2358 3870 2468 3915 two
2493 3857 2704 3929 parties

399 3945 639 4015 equally,
678 3945 794 3998 and
830 3944 1148 3999 whichever
1183 3960 1386 4014 proves
1423 3945 1545 3998 that
1583 3944 1658 3998 he
1695 3944 1800 3998 has
1837 3952 1938 3998 not
1975 3941 2246 3998 obtained
2277 3941 2604 4013 possession
2630 3941 2703 4010 vi,

399 4029 563 4097 clam,
592 4045 655 4081 or
679 4027 933 4097 precario
960 4028 1105 4082 from
1129 4028 1227 4082 the
1261 4028 1425 4082 other
1453 4027 1562 4081 will
1589 4027 1714 4097 win,
1742 4026 1858 4082 and
1888 4027 1986 4081 the
2017 4026 2180 4081 other
2204 4026 2277 4080 be
2303 4024 2664 4080 condemned
2687 4045 2703 4090 ;

400 4111 539 4181 ‘par
574 4127 747 4166 causa
784 4109 1037 4164 omnium
1074 4110 1323 4165 videtur’
1360 4110 1490 4180 Dig.
1522 4123 1566 4181 5.
1601 4125 1644 4166 1.
1680 4125 1758 4179 13,
1797 4109 1814 4138 ‘
1827 4109 1905 4179 hi,
1944 4109 2147 4181 quibus
2193 4107 2465 4178 competit
2508 4108 2700 4178 (inter-

398 4193 635 4263 dictum)
664 4204 719 4249 et
758 4203 978 4248 actores
1016 4202 1073 4248 et
1110 4191 1190 4248 rei
1230 4194 1389 4248 sunt'
1414 4193 1489 4248 ib.
1515 4208 1602 4262 43.
1637 4208 1716 4260 17.
1745 4209 1789 4262 3.
1826 4209 1871 4262 1,
1911 4193 2242 4265 ‘quaeritur,
2270 4191 2396 4264 quis
2434 4201 2592 4247 actor
2619 4191 2702 4246 in-

396 4277 708 4347 tellegitur'
735 4276 865 4346 Dig.
899 4289 943 4345 5.
979 4291 1024 4331 1.
1056 4290 1135 4345 13,
1164 4275 1429 4346 ‘uterque
1456 4287 1613 4330 actor
1639 4286 1723 4332 est
1742 4279 1755 4305 '
1781 4277 1855 4332 ib.
1881 4291 1966 4343 44.
1995 4289 2042 4344 7.
2074 4290 2160 4345 37.
2193 4291 2238 4331 1.

472 4359 500 4432 ξ
529 4365 585 4417 8.
628 4362 742 4415 For
766 4359 1029 4415 interdict
1060 4357 1371 4430 procedure
1406 4357 1463 4412 in
1491 4359 1585 4414 the
1621 4359 1822 4414 earlier
1846 4359 2045 4431 period
2075 4358 2190 4414 and
2215 4357 2396 4413 under
2418 4353 2700 4427 justinian

397 4463 494 4501 see
522 4446 619 4500 the
645 4445 763 4498 first
788 4454 922 4499 note
946 4460 1099 4513 upon
1123 4441 1237 4498 this
1264 4441 1429 4497 Title.

468 4531 587 4584 mit.
614 4531 791 4583 XVI.
810 4529 858 4583 1.
903 4527 971 4582 In
996 4527 1092 4582 the
1116 4525 1255 4582 time
1274 4525 1340 4580 of
1358 4523 1534 4581 Gaius
1559 4526 1658 4582 the
1684 4525 1992 4582 defendant
2012 4525 2179 4582 could
2203 4524 2276 4581 be
2297 4522 2614 4596 compelled
2639 4531 2698 4577 to
