3230 5116
615 389 741 496 194
1020 419 1727 476 JNSTJTUTJONUM
1760 419 2001 474 LIBRI
2038 419 2511 490 QUATTUOR.
2706 420 2833 486 [ub.
2850 423 2915 472 ιι.

611 595 782 652 sunt.
843 587 1080 669 quodsi
1129 605 1284 650 casu
1335 585 1402 649 id
1458 585 1747 649 mixtum
1800 584 1996 649 fuerit
2042 584 2147 647 vel
2200 584 2419 650 Titius
2466 583 2531 647 id
2581 583 2913 648 miscuerit

613 692 754 756 sine
797 690 1140 755 voluntate
1185 699 1318 768 tua,
1360 709 1493 752 non
1538 689 1802 752 videtur
1846 709 2196 752 commune
2242 709 2406 764 esse,
2453 688 2608 770 quia
2657 686 2914 770 singula

612 815 885 877 corpora
925 797 990 858 in
1035 816 1154 859 sua
1193 793 1564 858 substantia
1596 793 1839 856 durant
1869 813 1987 857 nec
2019 795 2232 876 magis
2263 793 2406 857 istis
2436 793 2697 857 casibus
2730 811 2913 855 com-

611 920 814 962 mune
859 899 936 963 fit
978 899 1403 976 frumentum,
1434 917 1638 980 quarn
1678 918 1847 980 grex
1884 897 2255 962 communis
2301 916 2447 961 esse
2491 895 2913 977 intellegitur,

609 1007 664 1067 si
696 1024 934 1087 pecora
979 1001 1142 1067 Titii
1185 1002 1315 1067 tuis
1353 1001 1699 1084 pecoribus
1746 1003 1960 1065 mixta
1991 1001 2272 1065 fuerint:
2320 1001 2437 1066 sed
2486 1002 2539 1066 si
2586 1001 2671 1063 ab
2716 1000 2913 1064 alter-

611 1118 761 1172 utro
791 1115 1084 1172 vestrum
1131 1107 1197 1170 id
1243 1116 1460 1171 totum
1503 1106 1910 1169 frumentum
1955 1107 2326 1184 retineatur,
2358 1107 2425 1168 in
2464 1125 2599 1168 rem
2643 1105 2911 1186 quidem

609 1214 784 1276 actio
835 1205 954 1295 pro
1002 1207 1205 1275 modo
1253 1209 1563 1274 frumenti
1608 1211 1926 1292 cuiusque
1970 1220 2329 1291 competat,
2377 1209 2647 1272 arbitrio
2687 1216 2911 1272 autem

610 1315 840 1379 iudicis
881 1315 1272 1392 continetur,
1323 1323 1396 1377 ut
1442 1315 1496 1378 is
1541 1314 1872 1388 aestimet,
1904 1313 2102 1396 quale
2146 1315 2463 1395 cuiusque
2508 1312 2912 1376 frumentum

513 1418 820 1483 29suerit.
933 1417 1104 1482 Cum
1181 1418 1246 1482 in
1323 1437 1442 1482 suo
1508 1415 1653 1480 solo
1728 1417 1966 1499 aliquis
2044 1417 2265 1482 aliena
2342 1417 2619 1481 materia
2684 1414 2911 1479 aedifi·

611 1524 873 1601 caverit,
927 1523 1070 1604 ipse
1117 1523 1425 1586 dominus
1478 1520 1881 1604 intellegitur
1928 1521 2225 1599 aedificii,
2278 1521 2436 1604 quia
2480 1540 2678 1584 omne
2728 1519 2910 1601 quod

609 1626 1064 1690 inaedificatur
1123 1625 1266 1691 solo
1327 1625 1523 1690 cedit.
1608 1645 1729 1688 nec
1792 1632 2018 1688 tamen
2080 1626 2231 1689 ideo
2292 1626 2365 1700 is,
2422 1623 2535 1706 qui
2596 1622 2912 1688 materiae

607 1731 917 1795 dominus
947 1730 1177 1808 suerat,
1202 1731 1444 1794 desinit
1469 1731 1611 1794 eius
1637 1729 1947 1793 dominus
1978 1749 2159 1794 esse:
2208 1728 2325 1792 sed
2350 1729 2674 1810 tantisper
2696 1747 2911 1809 neque

604 1834 936 1898 vindicare
981 1854 1128 1897 eam
1176 1843 1401 1916 potest
1447 1854 1662 1916 neque
1710 1833 1797 1896 ad
1847 1832 2299 1896 exhibendum
2346 1834 2432 1896 de
2478 1851 2557 1895 ea
2596 1851 2666 1895 re
2712 1850 2911 1913 agere

605 1949 878 2022 propter
936 1937 1152 2021 legem
1217 1939 1566 2002 duodecim
1628 1938 2027 2010 tabularum,
2084 1958 2217 2020 qua
2276 1947 2559 2014 cavetur,
2619 1956 2701 2000 ne
2762 1935 2908 2017 quis

605 2042 865 2127 tignum
898 2043 1186 2106 alienum
1218 2043 1496 2108 aedibus
1543 2043 1677 2107 suis
1724 2043 2091 2108 iniunctum
2126 2042 2418 2106 eximere
2463 2051 2755 2124 cogatur,
2790 2039 2908 2104 sed

605 2146 882 2230 duplum
925 2167 1046 2229 pro
1088 2167 1168 2211 eo
1209 2157 1503 2230 praestet
1537 2167 1657 2230 per
1692 2148 2023 2211 actionem
2068 2167 2242 2229 quae
2276 2154 2551 2209 vocatur
2594 2146 2680 2208 de
2724 2144 2909 2227 tigno

605 2249 828 2314 iuncto
854 2245 1327 2334 (appellatione
1357 2259 1580 2314 autem
1613 2252 1779 2334 tigni
1815 2252 2031 2315 omnis
2062 2252 2338 2315 materia
2365 2248 2786 2333 significatur,
2820 2269 2907 2312 ex

607 2371 740 2435 qua·
771 2352 1068 2418 aedificia
1099 2349 1332 2441 fiunt):
1379 2354 1559 2437 quod
1605 2355 1757 2419 ideo
1797 2356 2130 2438 provisum
2181 2363 2299 2427 est,
2341 2374 2423 2417 ne
2466 2351 2767 2417 aedificia
2808 2371 2907 2414 re-

607 2458 812 2521 scindi
859 2477 1128 2522 necesse
1174 2460 1279 2523 sit.
1342 2459 1459 2523 sed
1505 2460 1557 2524 si
1599 2459 1822 2542 aliqua
1868 2480 1957 2523 ex
2003 2480 2201 2524 causa
2238 2459 2533 2522 dirutum
2566 2457 2650 2520 sit
2680 2455 2909 2520 aedifi-

604 2560 797 2639 cium,
849 2563 1094 2644 poterit
1147 2565 1463 2627 materiae
1521 2564 1851 2643 dominus,
1898 2567 1952 2629 si
2005 2585 2137 2628 non
2190 2563 2387 2627 fuerit
2443 2562 2720 2645 duplum
2775 2562 2907 2623 iam

509 2684 580 2739 30
603 2676 998 2749 persecutus,
1031 2675 1189 2730 tunc
1223 2687 1370 2730 eam
1409 2668 1743 2732 vindicare
1774 2678 1841 2732 et
1869 2666 1958 2733 ad
1989 2668 2442 2732 exhibendum
2486 2686 2702 2750 agere.
2795 2652 2909 2728 Es<

603 2770 860 2833 diverso
892 2770 944 2833 si
981 2771 1128 2852 quis
1159 2771 1225 2832 in
1258 2770 1476 2835 alieno
1508 2771 1650 2835 solo
1682 2792 1801 2836 sua
1838 2774 2113 2836 materia
2137 2773 2413 2835 domum
2445 2769 2906 2841 aedificaverit,

672 2975 700 3041 §
730 2977 828 3030 29.
869 2976 922 3029 It
948 2975 1133 3030 would
1169 2992 1328 3030 seem·
1359 2976 1482 3031 that
1507 2976 1605 3032 the
1632 2974 1921 3032 materials
1947 2993 2094 3032 were
2132 2977 2189 3031 in
2227 2976 2340 3032 this
2378 2992 2509 3030 case
2544 2974 2763 3045 subject
2788 2983 2848 3028 to
2874 2989 2910 3028 a

597 3057 806 3113 double
832 3060 1150 3130 ownership
1174 3079 1184 3113 :
1225 3060 1321 3114 the
1346 3076 1553 3129 person
1581 3070 1640 3115 to
1666 3060 1851 3115 whom
1876 3062 2013 3130 they
2037 3060 2319 3131 belonged
2354 3060 2547 3114 before
2571 3058 2743 3128 being
2766 3057 2908 3111 used

597 3141 685 3196 sor
702 3142 958 3212 building
985 3144 1125 3197 ‘non
1152 3142 1358 3199 desinit
1385 3144 1649 3199 dominus
1676 3144 1796 3199 eius
1822 3146 1983 3213 esse‚'
2008 3144 2121 3199 and
2148 3153 2241 3213 yet
2266 3144 2363 3199 the
2382 3141 2603 3198 builder
2622 3141 2909 3196 ‘dominus

599 3224 925 3297 intelligitur
950 3218 1209 3297 aedificii,
1237 3228 1370 3299 quia
1395 3245 1563 3283 omne
1591 3228 1744 3299 quod
1774 3222 2164 3283 inaedificatur
2194 3228 2316 3282 solo
2354 3225 2539 3282 cedit.’
2611 3226 2735 3280 The
2762 3226 2908 3279 solu-

595 3309 716 3363 tion
744 3312 808 3362 οἱ
825 3312 921 3365 the
948 3310 1222 3379 difficulty
1245 3310 1348 3365 lies
1383 3312 1630 3382 perhaps
1656 3312 1714 3365 in
1742 3313 1838 3367 the
1869 3312 2065 3367 notion
2092 3312 2158 3365 of
2183 3310 2497 3365 dominium
2532 3308 2819 3363 dormiens
2846 3326 2910 3363 or

597 3391 858 3446 dormant
902 3393 1098 3463 right3‚
1140 3394 1205 3447 of
1237 3393 1418 3447 which
1456 3396 1615 3449 there
1654 3394 1701 3448 is
1736 3412 1809 3449 an
1848 3394 2182 3450 illustration
2228 3394 2286 3448 in
2326 3393 2504 3449 Gaius
2530 3392 2601 3447 iv.
2628 3394 2712 3459 78,
2748 3409 2811 3446 or
2848 3391 2905 3445 in

595 3475 692 3530 the
727 3476 972 3545 analogy
1008 3477 1073 3529 of
1110 3476 1558 3546 postliminium3
1596 3478 1664 3531 cf.
1698 3478 1828 3547 Dig.
1856 3478 1909 3533 6.
1942 3494 1985 3532 1.
2016 3491 2082 3549 59
2120 3478 2317 3532 ‘simul
2353 3488 2524 3548 atque
2552 3516 2564 3529 .
2593 3516 2607 3531 .
2634 3516 2648 3530 .
2673 3476 2908 3545 dempta

595 3568 805 3639 essent,
844 3558 1111 3614 continuo
1149 3559 1206 3613 in
1245 3559 1542 3629 pristinam
1587 3578 1821 3615 causam
1858 3559 2097 3617 reverti!
2168 3563 2293 3617 The
2331 3562 2481 3615 actio
2518 3560 2591 3615 de
2628 3559 2786 3629 tigno
2824 3559 2907 3613 in-

596 3640 788 3695 iuncto
825 3643 919 3710 lay
947 3643 1081 3710 only
1105 3644 1290 3697 where
1328 3644 1424 3697 the
1462 3644 1751 3699 materials
1790 3646 1856 3699 of
1885 3645 2067 3700 which
2105 3647 2203 3700 the
2246 3646 2426 3700 house
2461 3662 2575 3699 was
2610 3643 2753 3699 built
2791 3643 2909 3698 had

593 3725 741 3779 been
778 3727 999 3780 stolen:
1039 3726 1060 3755 ⁶
1071 3725 1172 3780 sed
1209 3725 1264 3779 in
1303 3727 1414 3781 hoc
1451 3728 1635 3781 solum
1674 3728 1766 3798 agi
1805 3739 2010 3799 potest,
2037 3740 2097 3784 ut
2135 3730 2258 3783 sola
2282 3728 2589 3783 vindicatio
2625 3729 2811 3782 soluta
2845 3744 2907 3782 re
2970 3777 2979 3787 .

595 3820 881 3879 competat
919 3809 1155 3878 mulieri,
1194 3826 1308 3863 non
1347 3810 1402 3864 in
1443 3810 1676 3881 duplum
1715 3830 1785 3865 ex
1822 3812 1948 3881 lege
1986 3811 2287 3867 duodecim
2328 3812 2681 3866 tabularum:
2721 3828 2906 3881 neque

593 3890 746 3945 enim
770 3892 1038 3947 furtivum
1063 3904 1166 3961 est,
1193 3893 1347 3964 quod
1380 3893 1594 3949 sciente
1623 3895 1855 3949 domino
1894 3895 2174 3950 inclusum
2200 3907 2286 3951 est
2304 3896 2317 3923 '
2344 3896 2474 3966 Dig.
2504 3910 2589 3961 24.
2623 3910 2665 3949 1.
2692 3895 2779 3963 63.
2856 3894 2917 3949 1f

593 3976 691 4029 the
731 3976 1016 4031 materials
1057 3977 1172 4031 had
1213 3977 1359 4031 been
1401 3978 1582 4031 stolen
1628 3979 1725 4033 the
1765 3976 1953 4033 action
1993 3979 2086 4048 lay
2123 3977 2347 4048 against
2386 3996 2421 4033 a
2453 3979 2607 4032 bona
2640 3977 2752 4033 fide
2776 3994 2906 4047 pos-

593 4074 783 4112 sessor
808 4060 872 4113 of
891 4061 986 4114 the
1012 4061 1190 4115 house
1216 4077 1292 4114 no
1328 4060 1448 4115 less·
1467 4060 1604 4115 than
1646 4061 1868 4131 against
1895 4063 1993 4117 the
2028 4062 2173 4117 thies
2191 4061 2249 4116 in
2288 4062 2613 4132 possession
2640 4061 2875 4116 himself
2893 4080 2907 4117 :

591 4140 709 4209 but,
747 4158 812 4197 as
851 4141 898 4196 is
937 4144 1124 4198 stated
1168 4142 1225 4197 in
1257 4142 1353 4198 the
1392 4153 1525 4213 text,
1565 4144 1662 4199 the
1700 4146 1909 4200 former
1943 4164 2057 4200 was
2095 4155 2211 4215 not,
2238 4144 2350 4200 like
2388 4146 2484 4200 the
2521 4146 2703 4214 latter,
2736 4144 2906 4200 liable

593 4224 714 4278 also
756 4234 816 4279 to
862 4227 957 4281 the
1001 4227 1150 4281 actio
1199 4227 1274 4281 ad
1318 4226 1700 4282 exhibendum
1747 4229 1856 4295 (sor
1895 4228 2078 4283 which
2126 4246 2222 4283 see
2267 4246 2340 4283 on
2383 4230 2482 4283 Bk.
2512 4228 2580 4282 iv.
2609 4228 2657 4284 6.
2689 4227 2905 4297 31inf.)

592 4308 775 4362 which
810 4309 1058 4365 entailed
1088 4309 1428 4381 separation,
1460 4312 1575 4366 and
1612 4312 1936 4367 vindicatio·
2016 4313 2074 4367 If
2102 4314 2238 4382 they
2263 4329 2407 4368 were
2444 4323 2544 4367 not
2582 4314 2781 4379 stolen,
2807 4313 2905 4367 the

592 4392 727 4473 only
756 4394 990 4464 remedy
1025 4394 1304 4450 available
1339 4394 1533 4451 besor'e
1570 4396 1893 4468 separation
1928 4414 2043 4451 was
2081 4413 2155 4451 an
2182 4396 2332 4452 actio
2365 4396 2423 4450 in
2460 4397 2672 4451 sactum
2699 4394 2831 4467 Dig.
2850 4395 2905 4451 6.

597 4490 644 4531 1.
672 4490 754 4545 23.
787 4490 834 4548 5.

667 4560 822 4628 §BQ
878 4562 1003 4619 The
1051 4561 1356 4635 principles
1405 4562 1522 4617 laid
1572 4562 1738 4619 down
1782 4561 1840 4617 in
1882 4561 1995 4619 this
2046 4562 2263 4620 section
2308 4572 2515 4619 cannot
2559 4563 2630 4618 be
2674 4560 2905 4633 applied
