3230 5116
407 427 635 494 Tit.11.]
894 426 1016 483 DE
1057 423 1170 484 EO
1219 426 1366 483 CUI
1400 428 1930 502 LIBERTATIS,
1976 430 2159 487 ETC.
2582 430 2707 511 373

1500 676 1626 743 XI.

553 854 655 907 DE
703 856 799 907 EO
845 854 972 909 CUI
1019 855 1459 905 LIBERTATIS
1504 854 1750 907 CAUSA
1798 856 1998 907 BONA
2043 855 2560 910 ADDICUNTUR.

489 1004 800 1071 Accessit
859 1027 1066 1071 novus
1139 1026 1330 1072 casus
1403 1006 1835 1071 successionis
1896 1026 1987 1071 ex
2044 1009 2515 1074 constitutione
2573 1007 2707 1072 divi

407 1110 637 1175 Marci.
727 1131 884 1176 nam
945 1112 1000 1176 si
1064 1111 1152 1189 hi,
1206 1112 1318 1195 qui
1367 1111 1745 1175 libertatem
1790 1123 2187 1195 acceperunt
2232 1134 2274 1177 a
2321 1113 2592 1178 domino
2639 1115 2708 1177 in

403 1224 829 1293 testamentO,
885 1235 974 1280 ex
1034 1236 1166 1299 quo
1227 1236 1359 1279 non
1419 1216 1642 1279 aditur
1692 1215 2045 1293 hereditas,
2092 1216 2298 1283 velint
2355 1218 2531 1281 bona
2582 1216 2708 1281 sibi

403 1321 623 1383 addici
675 1320 1079 1384 libertatium
1128 1321 1725 1385 conservandarum
1778 1339 1995 1400 causa,
2038 1321 2411 1385 audiuntur.
2503 1330 2571 1385 et
2616 1322 2709 1385 ita

405 1424 722 1506 rescripto
767 1424 900 1487 divi
945 1424 1155 1488 Marci
1201 1424 1288 1488 ad
1331 1422 1662 1506 Popilium
1708 1422 1959 1487 Rufum
2005 1427 2396 1490 continetur.
2484 1424 2708 1489 Verba
2738 1428 2765 1482 1

403 1526 700 1609 rescripti
750 1529 844 1592 ita
879 1548 950 1592 se
994 1528 1278 1593 habent:
1337 1533 1352 1561 ‘
1377 1526 1452 1593 Si
1483 1527 1783 1610 Virginio
1812 1528 2097 1605 Valenti,
2140 1528 2253 1612 qui
2304 1536 2710 1593 testamento

404 1652 526 1694 suo
577 1631 954 1697 libertatem
1006 1633 1406 1716 quibusdam
1457 1631 1823 1715 adscripsit,
1877 1634 2141 1697 nemine
2194 1654 2569 1698 successore
2620 1632 2708 1696 ab

405 1736 720 1799 intestato
752 1737 1082 1802 existente
1127 1736 1193 1799 in
1240 1757 1320 1800 ea
1362 1756 1560 1800 causa
1589 1736 1768 1800 bona
1804 1756 1950 1800 esse
1988 1748 2367 1819 coeperunt,
2399 1746 2475 1801 ut
2503 1736 2709 1800 veniri

405 1839 732 1905 debeant:
779 1839 834 1904 is
865 1842 1048 1906 cuius
1079 1841 1164 1905 de
1194 1862 1272 1906 ea
1305 1861 1372 1905 re
1403 1840 1587 1905 notio
1629 1850 1729 1905 est
1772 1841 1994 1905 aditus
2041 1842 2364 1906 rationem
2400 1840 2708 1905 desiderii

404 1944 502 2006 tui
553 1942 844 2021 habebit,
893 1953 969 2008 ut
1021 1945 1423 2009 libertatium
1475 1954 1619 2008 tam
1672 1964 1917 2021 earum,
1965 1964 2138 2028 quae
2191 1944 2459 2023 directo,
2503 1964 2706 2027 quam

406 2067 652 2123 earum,
703 2068 876 2131 quae
923 2068 1041 2132 per
1093 2049 1380 2132 speciem
1438 2047 1930 2112 fideicommissi
1981 2048 2247 2113 relictae
2300 2057 2469 2127 sunt,
2516 2056 2709 2111 tuen·

405 2148 640 2213 darum
685 2152 898 2233 gratia
949 2151 1344 2217 addicantur
1393 2152 1534 2231 tibi,
1581 2152 1637 2215 si
1689 2153 1931 2215 idonee
1976 2152 2407 2216 creditoribus
2458 2150 2709 2215 caveris

405 2254 492 2318 de
549 2254 764 2319 solido
823 2258 1002 2339 quod
1072 2258 1309 2341 cuique
1367 2257 1653 2321 debetur
1710 2257 2050 2322 solvendo.
2160 2266 2226 2320 et
2289 2256 2359 2319 hi
2417 2255 2709 2339 quidem,

404 2360 644 2441 quibus
693 2361 942 2426 directa
995 2362 1265 2428 libertas
1316 2364 1477 2427 data
1529 2371 1650 2441 est,
1699 2363 1973 2445 perinde
2024 2362 2212 2426 liberi
2264 2371 2475 2437 erunt,
2523 2380 2603 2425 ac
2654 2360 2710 2423 si

403 2462 738 2529 hereditas
767 2466 953 2531 adita
982 2478 1194 2532 esset:
1240 2466 1308 2530 hi
1339 2477 1583 2542 autem,
1618 2488 1787 2550 quos
1815 2466 2008 2531 heres
2047 2474 2316 2550 rogatus
2346 2476 2448 2531 est
2478 2484 2713 2543 manu-

405 2570 682 2648 mittere,
736 2593 779 2637 a
841 2581 910 2636 te
970 2571 1346 2638 libertatem
1409 2582 1935 2656 consequantur:
2003 2574 2098 2638 ita
2146 2582 2223 2637 ut
2275 2573 2330 2636 si
2383 2592 2513 2636 non
2580 2570 2712 2636 alia

403 2676 791 2739 condicione
827 2675 992 2742 velis
1033 2677 1212 2741 bona
1257 2676 1377 2741 tibi
1423 2677 1661 2755 addici,
1695 2697 1897 2760 quam
1940 2687 2014 2740 ut
2060 2677 2261 2742 etiam
2302 2676 2414 2759 qui
2457 2676 2711 2739 directo

404 2777 783 2844 libertatern
816 2790 1212 2864 acceperunt
1247 2781 1343 2846 tui
1391 2780 1608 2845 liberti
1656 2781 1837 2857 fiant,
1872 2800 2027 2844 narn
2058 2779 2209 2843 huic
2242 2781 2444 2844 etiam
2475 2778 2709 2842 volun·

404 2884 528 2946 tati
580 2893 753 2960 tuae,
809 2886 864 2948 si
927 2886 968 2947 ii
1022 2884 1109 2949 de
1166 2905 1448 2969 quorum
1501 2893 1681 2949 statu
1734 2885 1956 2967 agitur
2004 2882 2437 2959 consentiant,
2483 2891 2711 2946 aucto·

405 2987 670 3050 ritatem
722 2998 1016 3053 nostram
1069 2988 1670 3053 accommodamus.
1761 2996 1827 3052 et
1881 3008 1965 3051 ne
2023 2985 2219 3050 huius
2269 2985 2709 3068 rescriptionis

407 3099 671 3155 nostrae
707 3092 1228 3158 emolumentum
1273 3090 1405 3158 alia
1447 3092 1705 3156 ratione
1751 3091 2002 3155 irritum
2050 3089 2185 3168 fiat,
2216 3089 2271 3152 si
2310 3089 2503 3152 fiscus
2531 3088 2708 3152 bona

403 3213 762 3276 agnoscere
794 3196 1113 3264 voluerit:
1183 3208 1251 3263 et
1296 3197 1366 3260 hi
1409 3197 1522 3280 qui
1573 3197 1769 3259 rebus
1814 3195 2055 3258 nostris
2100 3193 2455 3258 attendunt
2500 3193 2709 3256 scient

405 3302 758 3364 commodo
811 3303 1188 3384 pecuniario
1241 3301 1741 3385 praeferendam
1794 3300 2120 3364 libertatis
2171 3318 2440 3362 causam
2494 3306 2562 3361 et
2615 3298 2709 3362 ita

404 3404 581 3468 bona
637 3409 951 3488 cogenda,
1013 3416 1088 3471 ut
1145 3408 1414 3472 libertas
1471 3406 1576 3470 his
1636 3405 1819 3470 salva
1878 3406 1983 3480 sit,
2045 3403 2159 3487 qui
2222 3423 2371 3467 eam
2430 3403 2706 3485 adipisci

405 3518 778 3590 potuerunt,
837 3510 893 3574 si
953 3511 1284 3576 hereditas
1359 3532 1447 3576 ex
1514 3517 1919 3575 testamento
1978 3509 2162 3572 adita
2235 3505 2448 3571 esset.’
2556 3507 2707 3570 Hoc
2734 3515 2767 3570 2

404 3615 717 3696 rescripto
758 3615 1156 3679 subventum
1203 3626 1305 3681 est
1348 3626 1416 3681 et
1459 3613 1877 3679 libertatibus
1925 3623 1991 3676 et
2037 3610 2383 3686 defunctiS,
2416 3631 2499 3674 ne
2529 3610 2708 3674 bona

405 3738 630 3781 eorum
667 3740 708 3782 a
739 3720 1171 3784 creditoribus
1206 3721 1667 3803 possideantur
1695 3726 1763 3782 et
1792 3725 2095 3782 veneant.
2175 3725 2351 3780 certe
2380 3716 2433 3779 si
2464 3713 2708 3779 suerint

475 3986 596 4038 Ἧι
618 3987 735 4039 XI.
762 3983 790 4056 ξ
816 3986 862 4040 1.
904 3986 1028 4040 The
1065 3995 1246 4040 estate
1272 3983 1456 4038 would
1491 3985 1565 4039 be
1600 3982 1889 4053 adjudged
1912 3992 1973 4037 to
2006 3982 2103 4037 the
2140 3979 2431 4050 creditors,
2456 3980 2515 4034 in
2540 3977 2707 4034 order

403 4077 464 4122 to
490 4067 562 4122 be
587 4068 712 4122 sold
739 4068 796 4122 in
822 4069 1174 4124 satisfaction
1199 4069 1265 4123 of
1289 4067 1437 4124 their
1462 4068 1677 4136 claims,
1704 4068 1837 4136 only
1862 4065 2006 4120 after
2029 4065 2201 4135 being
2233 4062 2479 4134 rejected
2504 4064 2582 4133 by
2607 4065 2705 4118 the

405 4150 660 4222 instituti,
685 4153 760 4206 all
785 4153 883 4207 the
921 4153 1186 4208 intestate
1221 4151 1390 4222 heirS,
1415 4152 1531 4206 and
1566 4152 1665 4207 the
1690 4151 1879 4204 fiscus·
1951 4150 2076 4203 The
2112 4148 2349 4218 rescript
2389 4148 2455 4202 os
2481 4148 2563 4201 M.
2589 4149 2705 4201 Au·

401 4235 572 4290 relius
615 4253 802 4291 seems
845 4247 906 4292 to
943 4237 1087 4291 have
1125 4235 1546 4306 contemplated
1581 4234 1716 4304 only
1752 4231 2003 4288 addictio
2039 4244 2100 4288 to
2137 4249 2246 4286 one
2283 4231 2349 4286 of
2377 4232 2475 4286 the
2519 4231 2703 4286 slaves

402 4319 780 4375 manumitted
815 4320 892 4390 by
915 4322 1013 4376 the
1038 4320 1147 4375 will
1175 4319 1449 4390 (Popilius
1477 4317 1658 4373 Rufus
1695 4317 1867 4387 being
1902 4314 1975 4372 εἲς
2002 4321 2104 4370 τῶν
2126 4318 2390 4386 τυχόντων
2412 4313 2705 4383 ἐλευθερίας

402 4403 460 4456 ἐν
493 4404 557 4472 τῇ
594 4403 806 4474 διαθήκῃ
832 4406 884 4458 T
885 4404 1242 4476 heophilus);
1282 4404 1536 4460 Gordian
1570 4403 1873 4474 permitted
1900 4403 1941 4458 it
1967 4413 2026 4456 to
2051 4403 2124 4456 be
2154 4401 2323 4456 made
2359 4409 2419 4455 to
2456 4415 2569 4468 any
2594 4413 2703 4452 one

401 4487 530 4541 who
555 4488 739 4542 would
776 4488 904 4558 give
939 4491 1038 4546 the
1075 4489 1319 4560 security
1345 4487 1448 4544 ‘de
1485 4488 1669 4543 solido
1706 4487 1859 4558 quod
1896 4485 2099 4557 cuique
2135 4485 2374 4540 debetur
2398 4481 2704 4550 solvend0,'

405 4570 548 4627 eod.
574 4585 625 4639 7.
652 4586 702 4626 2.
727 4572 778 4629 6.
