3230 5116
570 357 692 422 168
980 365 1679 423 INSTITUTIONUM
1714 365 1953 421 LIBRI
1990 364 2464 438 QUATTUOR.
2669 365 2798 433 [Lib.
2823 371 2862 422 1.

564 532 980 618 grammatici
1012 533 1306 598 rhetores
1344 541 1413 597 et
1450 532 1689 597 medici
1719 542 1788 597 et
1817 532 1931 615 qui
1960 531 2028 596 in
2057 532 2273 615 patria
2301 551 2420 595 sua
2449 530 2517 594 id
2551 541 2864 598 exercent

569 647 639 702 et
666 638 841 702 intra
870 657 1219 700 numerum
1250 646 1421 712 sunt,
1454 657 1495 700 a
1524 636 1738 701 tutela
1766 637 1871 701 vel
1903 657 2058 701 cura
2086 637 2337 700 habent
2366 635 2801 700 vacationem.

472 741 541 802 16
654 740 787 825 Qui
829 751 1053 805 autem
1092 761 1167 804 se
1204 741 1351 806 vult
1392 761 1728 819 excusare,
1759 741 1815 804 si
1855 741 2077 824 plures
2115 741 2358 804 habeat
2401 739 2865 804 excusationes

564 855 633 910 et
677 848 762 910 de
808 846 1205 927 quibusdam
1250 864 1385 907 non
1429 845 1822 927 probaverit,
1851 845 2002 909 aliis
2034 845 2130 908 uti
2169 846 2341 909 intra
2379 854 2684 926 tempora
2729 861 2864 905 non

562 950 969 1034 prohibetur.
1042 949 1155 1031 qui
1202 968 1521 1013 excusare
1552 969 1624 1013 se
1653 949 1902 1028 volunt,
1933 968 2065 1012 non
2101 948 2481 1032 appellant:
2528 947 2646 1011 sed
2692 946 2866 1010 intra

566 1055 709 1120 dies
740 1054 1220 1136 quinquaginta
1263 1054 1627 1129 continuos,
1661 1074 1750 1116 ex
1778 1073 1912 1134 quo
1942 1061 2412 1136 cognoverunt,
2443 1070 2764 1115 excusare
2792 1071 2866 1116 se

565 1158 816 1224 debent
847 1155 1345 1244 (cuiuscumque
1388 1157 1650 1239 generis
1678 1167 1849 1232 sunt,
1885 1157 1952 1220 id
1986 1165 2086 1221 est
2116 1156 2684 1240 qualitercumque
2723 1154 2864 1220 dati

566 1261 808 1326 fuerint
850 1259 1147 1346 tutores),
1178 1262 1233 1323 si
1265 1262 1436 1324 intra
1465 1262 1899 1325 centesimum
1932 1260 2224 1342 lapidem
2255 1270 2410 1324 sunt
2449 1259 2536 1323 ab
2577 1279 2658 1322 eo
2695 1256 2865 1335 loc0‚

567 1367 681 1431 ubi
710 1375 962 1430 tutores
985 1367 1124 1430 dati
1155 1375 1345 1430 sunt:
1393 1366 1448 1429 si
1468 1386 1628 1429 vero
1652 1365 1825 1429 ultra
1854 1367 2289 1430 centesimum
2318 1364 2642 1440 habitant,
2676 1365 2867 1429 dinu-

567 1472 931 1536 meratione
965 1468 1141 1534 facta
1174 1470 1407 1552 viginti
1440 1470 1720 1533 millium
1751 1470 2134 1534 diurnorum
2171 1478 2239 1534 et
2277 1467 2564 1552 amplius
2595 1469 2868 1550 triginta

567 1575 841 1640 dierum.
929 1574 1110 1658 quod
1155 1583 1399 1652 tamen,
1434 1583 1507 1638 ut
1539 1572 1864 1639 Scaevola
1900 1574 2182 1653 dicebat,
2213 1573 2305 1637 sic
2350 1572 2554 1638 debet
2595 1592 2867 1655 compu-

566 1808 787 1881 possint
806 1819 904 1865 aut
920 1809 1108 1865 dicere
1128 1819 1226 1864 aut
1252 1809 1511 1878 scribere,
1524 1808 1749 1880 proprie
1764 1819 2061 1879 poetarum
2082 1807 2440 1878 interpretes'
2461 1806 2655 1875 (Corn.
2667 1807 2868 1874 Nepos

567 1893 722 1964 apud
771 1894 929 1950 Suet.
976 1893 1047 1948 de
1098 1893 1174 1951 ill.
1210 1911 1447 1964 gramm.
1488 1891 1564 1962 4),
1617 1891 2020 1963 ‘grammatica
2068 1890 2345 1962 professio
2394 1899 2547 1946 recte
2596 1888 2867 1960 loquendi

568 1975 807 2032 scientia
834 1987 891 2031 et
932 1986 1229 2047 poetarum
1265 1975 1577 2032 enarratio'
1623 1975 1858 2046 Quintil.
1894 1978 2035 2031 lnst.-
2073 1992 2154 2030 or.
2198 1990 2243 2031 1.
2279 1989 2328 2042 4.
2373 1993 2420 2044 2,
2462 1971 2870 2044 ‘grammatica

567 2059 721 2115 circa
743 2077 939 2116 curam
965 2061 1241 2116 sermonis
1260 2071 1531 2127 versatur,
1551 2060 1704 2115 circa
1727 2059 2009 2128 historia,
2031 2059 2182 2114 circa
2205 2057 2459 2113 carmina
2474 2061 2487 2086 ’
2514 2059 2750 2126 Seneca,
2777 2073 2870 2127 ep.

568 2146 655 2199 88.
682 2159 731 2200 2.
804 2145 930 2199 The
965 2144 1290 2199 ‘numerus'
1324 2161 1438 2199 was
1476 2143 1831 2199 determined
1867 2144 1944 2212 by
1979 2143 2078 2198 the
2113 2142 2224 2197 size
2261 2143 2328 2196 os
2354 2143 2452 2196 the
2489 2151 2658 2209 town,
2681 2141 2798 2196 and
2834 2157 2870 2196 a

565 2226 987 2296 grammaticuS,
1013 2227 1331 2297 physician,
1364 2245 1429 2282 or
1463 2226 1822 2296 rhetorician,
1848 2244 1963 2280 was
1999 2225 2278 2281 admitted
2313 2224 2434 2280 into
2471 2223 2513 2278 it
2549 2224 2627 2294 by
2662 2222 2870 2294 magis-

566 2309 728 2365 teria]
753 2310 956 2365 decree
979 2329 992 2365 ε
1031 2310 1047 2338 ‘
1062 2321 1149 2366 est
1174 2320 1367 2366 autem
1392 2310 1566 2366 etiam
1589 2328 1858 2365 numerus
1897 2309 2163 2364 definitus
2188 2325 2400 2377 eorum,
2427 2306 2521 2379 qui
2550 2307 2607 2362 in
2635 2306 2870 2378 singulis

567 2393 889 2449 civitatibus
929 2393 1346 2450 immunitatem
1384 2395 1650 2463 habeant,
1689 2404 1746 2450 et
1789 2393 2154 2448 condiciones
2198 2392 2480 2464 quaedam
2511 2391 2768 2446 adiectae
2813 2390 2870 2446 in

565 2478 693 2545 lege
720 2494 734 2531 :
772 2475 926 2548 quod
952 2475 1278 2548 intelligitur
1312 2495 1383 2534 ex
1418 2477 1662 2549 epistola
1685 2476 1959 2532 Antonini
1987 2492 2133 2548 quae
2168 2476 2304 2531 data
2335 2485 2423 2531 est
2459 2475 2536 2530 ad
2568 2491 2872 2531 commune

566 2560 761 2628 Asiae,
786 2560 891 2616 sed
914 2561 1158 2631 pertinet
1190 2561 1266 2617 ad
1303 2564 1500 2617 orbem
1524 2562 1867 2631 universum,
1893 2560 2052 2617 cuius
2079 2571 2166 2617 est
2191 2570 2360 2631 caput
2385 2558 2533 2614 infra
2557 2558 2828 2631 scriptum
2857 2579 2870 2617 :

567 2643 828 2700 civitates
854 2644 1101 2700 minores
1126 2657 1366 2718 possunt
1391 2647 1603 2702 habere
1641 2645 1924 2701 immunes
1949 2645 2204 2700 medicos
2230 2644 2477 2716 quinque
2503 2653 2558 2699 et
2585 2642 2871 2715 sophistas

567 2738 682 2784 tres
720 2728 1036 2800 eodemque
1060 2746 1298 2785 numero
1330 2726 1772 2799 grammaticos:
1811 2728 2055 2784 maiores
2081 2728 2338 2783 civitates
2363 2738 2582 2798 septem
2621 2726 2716 2797 qui
2754 2742 2872 2782 me-

566 2811 823 2880 deantur,
890 2822 1156 2883 quattuor
1204 2812 1508 2884 sophistas,
1556 2823 1822 2884 quattuor
1871 2812 1965 2884 qui
2021 2812 2263 2867 doceant
2313 2810 2504 2866 literas
2566 2819 2869 2880 utrasque:

565 2892 852 2949 maximae
888 2912 1022 2950 vero
1059 2895 1313 2951 medicos
1352 2897 1553 2953 decem
1590 2906 1648 2952 et
1686 2898 1940 2953 rhetores
1985 2896 2233 2968 quinque
2284 2894 2599 2966 eodemque
2635 2909 2872 2948 numero

566 2977 990 3049 grammaticos,
1034 2996 1206 3050 super
1244 2981 1395 3036 hunc
1434 2991 1626 3037 autem
1665 2998 1965 3036 numerum
2003 2997 2077 3036 ne
2118 2979 2370 3035 maxima
2405 2978 2637 3050 quidem
2672 2975 2872 3033 civitas

569 3060 985 3118 immunitatem
1011 3065 1227 3120 confert
1246 3066 1261 3093 ’
1287 3064 1418 3136 Dig.
1449 3078 1532 3133 27.
1564 3080 1606 3120 1.
1635 3065 1688 3120 6.
1715 3080 1836 3134 2-3.

647 3143 794 3216 §la
833 3146 929 3215 So,
974 3157 1087 3216 too,
1134 3147 1347 3220 Ulpian
1392 3166 1523 3217 says
1566 3148 1626 3203 in
1667 3146 1800 3218 Dig.
1835 3164 1924 3218 49.
1961 3163 2010 3215 4.
2058 3164 2103 3203 1.
2145 3160 2171 3218 5
2225 3146 2308 3202 ‘si
2352 3146 2478 3218 quis
2515 3156 2667 3201 tutor
2706 3146 2872 3201 datus

568 3228 733 3285 fuerit
758 3229 848 3284 vel
872 3239 1216 3286 testamento
1240 3232 1330 3287 vel
1354 3250 1391 3287 a
1414 3249 1528 3305 quo
1551 3232 1665 3287 alio
1690 3231 1784 3302 qui
1811 3231 1900 3287 ius
1928 3231 2103 3286 dandi
2129 3231 2319 3299 habet,
2343 3246 2460 3284 non
2495 3239 2717 3300 oportet
2741 3245 2872 3283 eum

569 3328 920 3383 provocare3
956 3313 1067 3369 hoc
1091 3313 1245 3370 enim
1284 3313 1447 3370 divus
1489 3317 1721 3370 Marcus
1760 3314 1982 3370 effecit:
2021 3314 2123 3369 sed
2161 3314 2310 3369 intra
2345 3324 2604 3383 tempora
2639 3310 2872 3381 praesti-

571 3405 695 3451 tuta
742 3395 1165 3452 excusationem
1213 3398 1575 3467 allegandam
1617 3399 1810 3467 habet,
1849 3408 1906 3453 et
1949 3397 1997 3453 si
2040 3396 2205 3453 fuerit
2245 3397 2424 3467 pulsa,
2464 3405 2599 3450 tunc
2641 3393 2870 3448 demum

570 3478 857 3548 appellare
900 3479 1147 3549 debebit,
1181 3490 1468 3535 caeterum
1512 3490 1647 3536 ante
1689 3481 1895 3536 frustra
1933 3481 2281 3551 appellatur.²
2356 3481 2408 3535 lt
2449 3486 2602 3533 must
2651 3486 2749 3530 not
2798 3477 2872 3531 be

573 3559 823 3615 inferred
847 3562 993 3617 from
1020 3563 1035 3591 ‘
1055 3562 1221 3619 datus
1238 3564 1253 3591 '
1277 3563 1335 3617 in
1352 3563 1465 3619 this
1486 3581 1746 3635 passage,
1767 3580 1832 3618 or
1847 3565 1991 3618 from
2018 3562 2108 3618 ‘id
2132 3574 2238 3631 est,
2263 3562 2726 3634 qualitercunque
2751 3558 2872 3615 dati

568 3642 775 3700 fuerint
791 3644 805 3671 ³
830 3642 887 3699 in
912 3645 1010 3700 the
1035 3655 1168 3715 text,
1186 3646 1309 3702 that
1334 3646 1431 3702 the
1455 3646 1808 3716 exemptions
1825 3645 1926 3701 did
1943 3657 2043 3701 not
2069 3646 2276 3702 extend
2303 3656 2361 3700 to
2386 3654 2600 3700 tutores
2619 3641 2868 3714 legitimi.

575 3727 927 3797 Theophilus
975 3728 1229 3799 explains
1272 3730 1694 3800 τεσταμεντάριοι
1719 3768 1734 3783 .
1761 3768 1775 3784 .
1800 3730 2056 3801 λεγίτιμοι
2081 3768 2097 3784 .
2125 3768 2139 3784 .
2173 3729 2274 3785 ὑπὸ
2308 3728 2564 3800 ἄρχοντος
2598 3726 2872 3794 διδόμενοι.

576 3811 692 3865 For
726 3809 824 3865 the
861 3810 997 3867 time
1024 3812 1217 3867 within
1244 3812 1427 3867 which
1464 3814 1562 3868 the
1600 3830 1805 3869 excuse
1841 3822 1992 3868 must
2018 3813 2090 3867 be
2116 3813 2331 3884 proved
2354 3812 2426 3869 cf.
2455 3809 2586 3881 Dig.
2614 3825 2698 3878 27.
2732 3825 2773 3864 1.
2803 3810 2870 3878 38

571 3893 587 3924 ‘
604 3892 1015 3965 quinquaginta
1064 3894 1283 3951 dierum
1332 3896 1580 3968 spatium
1629 3897 2024 3952 tantummodo
2067 3897 2144 3952 ad
2187 3895 2590 3951 contestandas
2641 3909 2871 3950 excusa-

571 3974 789 4032 tionum
827 3994 1029 4033 causas
1080 3977 1360 4050 pertinet:
1410 3980 1737 4051 peragendo
1773 3979 1928 4036 enim
1963 3980 2194 4050 negotio
2230 3998 2300 4037 ex
2337 3978 2430 4036 die
2465 3976 2871 4035 nominationis

569 4058 821 4114 continui
846 4071 1113 4131 quattuor
1136 4080 1363 4117 menses
1387 4062 1676 4119 constituti
1703 4065 1867 4120 sunt.’

643 4142 884 4198 Besides
920 4145 1017 4199 the
1052 4146 1264 4201 classes
1301 4146 1368 4202 of
1396 4162 1635 4217 persons
1672 4146 2000 4204 mentioned
2034 4146 2092 4202 in
2126 4148 2240 4203 this
2274 4147 2440 4216 Title,
2465 4147 2562 4201 the
2587 4143 2872 4214 following

572 4226 741 4281 could
766 4225 935 4281 claim
953 4227 1276 4299 exemption
1300 4248 1314 4285 ε
1354 4230 1431 4299 (ι)
1460 4229 1730 4300 Spiritual
1753 4247 1991 4301 persons
2017 4232 2144 4286 who
2169 4248 2314 4287 were
2336 4240 2438 4286 not
2461 4228 2696 4297 already
2719 4226 2870 4281 inca-

572 4309 861 4380 pacitated
901 4308 1157 4381 (bishops
1194 4312 1311 4366 and
1344 4312 1567 4381 monks,
1604 4314 1754 4368 Nov.
1794 4328 1910 4383 123.
1947 4314 1998 4385 5)
2041 4316 2182 4370 Cod.
2222 4330 2262 4371 1.
2303 4330 2354 4385 3.
2395 4327 2480 4385 52.
2553 4312 2630 4382 (2)
2669 4310 2872 4381 jux-ists

576 4394 703 4447 who
751 4393 1035 4463 belonged
1076 4405 1137 4450 to
1180 4395 1276 4450 the
1319 4397 1623 4467 emperor's
1667 4396 1984 4466 consilium,
2026 4397 2159 4469 Dig.
2193 4412 2280 4466 27.
2321 4414 2366 4454 1.
2397 4413 2508 4468 303
2553 4411 2602 4463 4.
2629 4410 2682 4461 4.
2714 4407 2791 4447 11.
2819 4407 2870 4448 2.

578 4475 657 4547 (3)
698 4476 943 4533 Persons
984 4488 1084 4535 not
1123 4476 1431 4537 domiciled
1470 4479 1529 4535 in
1571 4480 1669 4537 the
1707 4481 1869 4552 place
1914 4481 2100 4539 where
2141 4481 2288 4539 their
2325 4482 2551 4541 tutorial
2589 4480 2872 4539 functions
