3230 5116
591 423 715 489 292
994 412 1699 470 INSTITUTIONUM
1732 411 1969 467 LIBRI
2006 411 2481 484 QUATTUOR.
2677 415 2805 481 [Lib.
2826 421 2891 469 11.
2946 471 2961 482 ,

587 579 836 646 factum
867 588 1341 645 testamentum
1371 578 1725 644 decesserit
1756 586 2054 654 testator,
2088 597 2221 642 non
2260 585 2485 642 tamen
2523 577 2703 660 apud
2737 599 2888 642 eum

587 684 702 767 qui
747 683 937 748 heres
982 685 1068 749 sit
1113 684 1256 749 dies
1297 681 1500 764 legati
1546 684 1781 747 cedere
1825 681 2244 764 intellegitur,
2276 663 2427 745 cum
2474 680 2806 746 hereditas
2850 703 2891 745 a

588 788 811 870 legato
850 797 1158 870 separata
1192 788 1280 851 sit
1316 796 1385 852 et
1405 787 1635 869 ,possit
1664 806 1783 869 per
1812 806 1965 850 eum
1996 805 2255 850 servum
2286 784 2455 848 alius
2485 783 2673 848 heres
2704 785 2889 863 effici,

586 893 642 955 si
703 891 898 974 prius,
941 911 1144 975 quam
1205 889 1383 954 iussu
1447 890 1701 954 domini
1763 890 1979 961 adeat,
2028 889 2094 952 in
2154 888 2422 952 alterius
2483 898 2888 969 potestatem

587 995 944 1061 translatus
1001 997 1106 1069 sit,
1158 995 1266 1059 vel
1327 995 1769 1058 manumissus
1828 994 1971 1076 ipse
2028 992 2218 1056 heres
2276 993 2586 1057 efficitur:
2648 994 2890 1074 quibus

585 1101 845 1166 casibus
875 1099 1036 1166 utile
1065 1109 1168 1165 est
1197 1099 1530 1182 legatum:
1578 1099 1820 1182 quodsi
1851 1100 1916 1161 in
1949 1097 2187 1162 eadem
2218 1117 2417 1164 causa
2451 1099 2890 1179 permanserit

489 1213 558 1267 34
585 1213 655 1269 et
699 1204 875 1268 iussu
931 1203 1226 1286 legatarii
1295 1202 1549 1276 adierit,
1599 1203 1935 1268 evanescit
1990 1202 2307 1285 legatum.
2396 1199 2585 1265 Ante
2628 1200 2889 1265 heredis

586 1306 1067 1374 institutionem
1129 1306 1445 1371 inutiliter
1500 1316 1702 1371 antea
1759 1305 2123 1388 legabatur,
2178 1305 2429 1370 scilicet
2479 1305 2633 1386 quia
2686 1315 2889 1369 testa-

586 1421 815 1476 menta
841 1411 977 1474 vim
1025 1431 1114 1474 ex
1160 1411 1574 1476 institutione
1617 1409 1937 1474 heredum
1977 1410 2309 1491 accipiunt
2350 1417 2419 1472 et
2455 1407 2543 1471 ob
2580 1408 2648 1470 id
2684 1409 2886 1473 veluti

585 1524 786 1594 caput
814 1524 1015 1596 atque
1045 1513 1552 1578 fundamentum
1586 1511 1993 1595 intellegitur
2030 1512 2235 1577 totius
2272 1503 2656 1576 testamenti
2700 1510 2887 1575 here-

584 1619 687 1683 dis
731 1619 1077 1684 institutio,
1166 1618 1308 1699 pari
1355 1619 1605 1683 ratione
1655 1638 1777 1682 nec
1825 1617 2097 1681 libertas
2140 1626 2295 1681 ante
2334 1615 2594 1680 heredis
2628 1616 2887 1681 institu-

584 1721 834 1788 tionem
867 1721 1008 1786 dari
1039 1730 1320 1803 poterat.
1387 1722 1505 1786 sed
1537 1723 1696 1805 quia
1726 1721 1984 1787 incivile
2008 1741 2151 1785 esse
2180 1721 2557 1802 putavimus
2588 1719 2887 1784 ordinem

583 1824 853 1908 quidem
886 1827 1248 1907 scripturae
1277 1825 1462 1908 sequi
1493 1822 1700 1910 (quod
1728 1836 1797 1891 et
1820 1825 1943 1908 ipsi
1972 1822 2351 1907 antiquitati
2379 1823 2885 1905 vituperandum

585 1929 799 1995 fuerat
817 1927 1079 2014 visum),
1101 1930 1318 2012 sperni
1351 1941 1576 1995 autem
1607 1931 1947 1996 testatoris
1969 1928 2415 1993 voluntatem:
2444 1949 2564 2010 per
2594 1937 2885 1992 nostram

582 2035 1122 2102 constitutionem
1168 2045 1236 2099 et
1280 2033 1408 2099 hoc
1446 2035 1681 2100 vitium
1722 2034 2241 2112 emendavimus,
2272 2042 2349 2106 ut
2388 2032 2587 2096 liceat
2622 2044 2693 2096 et
2730 2042 2885 2096 ante

580 2137 840 2202 heredis
901 2138 1380 2202 institutionem
1434 2149 1502 2202 et
1557 2137 1729 2203 inter
1775 2138 2029 2202 medias
2071 2137 2391 2201 heredum
2439 2135 2885 2200 institutiones

583 2241 874 2323 legatum
935 2240 1302 2322 relinquere
1364 2250 1431 2305 et
1493 2241 1707 2305 multo
1771 2242 1983 2324 magis
2047 2241 2439 2314 libertatem,
2487 2240 2672 2303 cuius
2733 2259 2885 2302 usus

485 2354 555 2409 35
580 2343 1001 2408 favorabilior
1051 2355 1168 2408 est.
1278 2344 1438 2409 Post
1486 2355 1770 2409 mortem
1819 2364 2085 2427 quoque
2129 2343 2388 2407 heredis
2427 2351 2544 2406 aut
2588 2341 2884 2424 legatarii

580 2447 776 2512 simili
809 2449 1010 2512 modo
1040 2448 1357 2513 inutiliter
1383 2448 1769 2532 legabatur:
1802 2449 2006 2514 veluti
2038 2449 2091 2510 si
2123 2447 2271 2530 quis
2302 2449 2397 2511 ita
2427 2448 2605 2511 dicat
2631 2468 2647 2510 :
2698 2451 2881 2511 ‘cum

580 2551 772 2617 heres
817 2574 1004 2617 meus
1050 2564 1348 2618 mortuus
1392 2554 1529 2629 erit,
1565 2555 1655 2620 do
1697 2554 1843 2637 lego
1870 2580 1883 2617 ε
1909 2550 1923 2579 ’
1984 2553 2145 2619 item
2188 2551 2433 2635 ‘pridie
2461 2573 2664 2634 quam
2695 2551 2885 2617 heres

580 2666 697 2721 aut
727 2656 1082 2739 legatarius
1125 2653 1484 2722 morietur.’
1574 2659 1693 2722 sed
1738 2657 1936 2721 simili
1984 2657 2187 2721 modo
2230 2667 2297 2721 et
2328 2655 2453 2719 hoc
2478 2656 2883 2721 correximus

581 2760 966 2825 firmitatem
1011 2759 1389 2826 huiusmodi
1434 2760 1671 2844 legatis
1731 2763 1817 2827 ad
1871 2761 2531 2825 fideicommissorum
2582 2759 2883 2824 similitu·

579 2863 804 2927 dinem
831 2874 1260 2945 praestanteS,
1285 2884 1369 2928 ne
1399 2864 1502 2928 vel
1537 2866 1603 2929 in
1635 2865 1764 2929 hoc
1794 2885 1948 2929 casu
1973 2866 2259 2930 deterior
2290 2883 2486 2927 causa
2516 2861 2882 2945 legatorum

485 2982 554 3037 36
579 2988 781 3050 quam
827 2968 1484 3033 fideicommissorum
1530 2970 1916 3036 inveniatur.
2006 2969 2268 3032 Poenae
2310 2988 2575 3050 quoque
2620 2968 2885 3030 nomine

579 3209 638 3255 to
677 3217 712 3255 a
748 3201 903 3255 slave
941 3199 1006 3253 of
1033 3200 1130 3255 the
1170 3198 1458 3255 institutus
1493 3201 1611 3256 had
1646 3202 1794 3256 been
1832 3201 2141 3272 supported
2175 3202 2253 3270 by
2276 3202 2374 3256 the
2403 3200 2745 3255 Sabinians:
2786 3199 2883 3253 the

581 3283 911 3338 Proculians
953 3283 1089 3337 held
1134 3282 1176 3337 it
1220 3283 1354 3338 void
1404 3283 1461 3337 in
1502 3284 1684 3339 either
1728 3301 1859 3339 case
1888 3304 1900 3339 τ
1954 3284 2182 3339 Servius
2225 3283 2577 3338 maintained
2619 3283 2740 3337 that
2786 3282 2885 3337 the

579 3366 817 3435 bequest
842 3383 958 3420 was
983 3366 1384 3436 provisionally
1415 3367 1584 3436 valid,
1612 3368 1865 3423 whether
1894 3367 2241 3423 conditional
2275 3385 2341 3422 or
2376 3378 2493 3435 not,
2518 3367 2619 3421 but
2643 3367 2881 3420 became

579 3449 712 3503 void
737 3448 786 3505 is
801 3450 898 3504 the
924 3449 1143 3517 legatee
1168 3466 1283 3504 was
1308 3450 1366 3503 in
1393 3451 1491 3505 the
1518 3450 1823 3506 institutus’
1848 3468 2039 3522 power
2064 3468 2138 3505 on
2174 3452 2271 3507 the
2307 3450 2429 3505 dies
2456 3450 2624 3527 legati
2651 3450 2880 3517 cedenS,

579 3530 757 3586 Gaius
785 3530 840 3585 ii.
867 3546 989 3597 244.
1062 3532 1185 3586 The
1226 3532 1523 3587 Proculian
1555 3533 1699 3587 view
1732 3552 1846 3589 was
1885 3535 2064 3589 based
2100 3551 2253 3605 upon
2294 3536 2443 3588 what
2482 3533 2531 3587 is
2564 3533 2747 3587 called
2784 3535 2882 3589 the

578 3615 772 3683 regula
799 3614 1132 3683 Catoniana,
1158 3615 1402 3670 because
1430 3616 1472 3670 it
1498 3634 1614 3671 was
1642 3616 1905 3674 ascribed
1943 3628 2003 3672 to
2037 3635 2146 3672 one
2181 3617 2246 3671 of
2271 3619 2368 3672 the
2397 3618 2570 3672 Catos
2599 3636 2611 3672 :
2652 3616 2667 3644 ‘
2685 3618 2882 3686 regula

581 3696 899 3753 Catoniana
947 3697 1030 3752 sic
1079 3696 1274 3752 definit
1297 3716 1312 3765 3
1362 3699 1533 3768 quod,
1578 3700 1626 3754 si
1673 3701 1997 3756 testamenti
2047 3700 2181 3756 facti
2232 3710 2487 3770 tempore
2538 3699 2880 3757 decessisset

577 3789 830 3849 testator,
859 3780 1056 3835 inutile
1099 3780 1259 3849 soret,
1287 3780 1346 3836 id
1385 3783 1655 3851 legatum,
1682 3784 2134 3853 quandocunque
2171 3783 2493 3851 decesserit,
2518 3800 2634 3838 non
2660 3784 2848 3838 valere
2868 3786 2881 3812 ²

580 3864 712 3934 Dig.
739 3878 826 3931 34.
852 3877 903 3931 7.
937 3879 979 3919 1.
1057 3866 1166 3918 But
1193 3864 1304 3919 this
1333 3866 1453 3919 rule
1479 3864 1579 3919 did
1618 3876 1717 3919 not
1753 3868 1924 3936 apply
1950 3876 2009 3920 to
2034 3866 2381 3921 conditional
2406 3866 2669 3935 legacieS‚
2690 3868 2879 3922 whose

575 3946 810 4016 validity
835 3965 950 4002 was
985 3948 1170 4004 tested
1195 3957 1251 4002 at
1279 3948 1375 4003 the
1401 3948 1701 4005 fulfilrnent
1728 3950 1793 4003 of
1810 3951 1907 4004 the
1934 3944 2243 4018 condition,
2269 3950 2403 4020 Dig.
2429 3962 2514 4019 35.
2548 3966 2592 4005 1.
2618 3952 2703 4020 98,
2731 3967 2795 4003 or
2821 3961 2879 4005 to

575 4032 740 4086 those
765 4031 950 4086 which
973 4048 1118 4086 were
1143 4032 1310 4101 given
1347 4048 1417 4087 ex
1455 4031 1587 4087 die:
1628 4032 1644 4060 ‘
1664 4033 1983 4088 Catoniana
2020 4034 2216 4103 reg-ula
2254 4050 2370 4105 non
2409 4034 2652 4104 pertinet
2698 4033 2772 4087 ad
2810 4050 2880 4088 ea

575 4116 779 4183 legata,
806 4130 1046 4185 quorum
1079 4113 1202 4169 dies
1232 4132 1346 4170 non
1381 4116 1580 4171 mortis
1618 4125 1891 4187 tempore,
1917 4117 2021 4171 sed
2054 4127 2183 4187 post
2221 4117 2438 4172 aditam
2472 4116 2622 4172 cedit
2659 4116 2879 4173 heredi-

575 4200 782 4252 tatem’
810 4197 944 4267 Dig.
972 4212 1056 4266 34.
1083 4210 1133 4265 7.
1162 4212 1215 4267 3.

647 4280 675 4353 ξ
703 4284 803 4338 34.
844 4283 982 4338 Cod.
1008 4282 1060 4338 6.
1087 4298 1172 4351 23.
1200 4299 1267 4350 24
1291 4302 1304 4338 ε
1343 4301 1440 4339 see
1466 4294 1600 4341 note
1627 4302 1701 4339 on
1728 4284 1843 4339 Tit.
1871 4299 1935 4351 14
1960 4302 2041 4355 pr.
2068 4302 2219 4355 supr.
2245 4283 2321 4340 ad
2345 4284 2464 4340 init.
2542 4286 2668 4341 The
2693 4284 2879 4340 words

575 4367 592 4395 ‘
609 4367 763 4439 quod
789 4376 845 4421 et
877 4365 984 4435 ipsi
1019 4366 1340 4435 antiquitati
1367 4367 1803 4439 vituperandum
1842 4369 2022 4423 fuerat
2047 4368 2233 4423 visum
2250 4370 2263 4397 ’
2287 4370 2463 4424 relate
2488 4378 2549 4423 to
2574 4369 2671 4424 the
2697 4368 2879 4423 whole

573 4460 859 4520 sentence,
885 4450 901 4478 ‘
921 4449 1178 4505 ordinem
1210 4450 1519 4520 scripturae
1545 4452 1725 4523 sequi,
1750 4452 1939 4523 sperni
1966 4442 2157 4507 aut’em
2184 4452 2471 4508 testatoris
2496 4453 2881 4510 voluntatem!

647 4534 674 4605 ᾖ
703 4536 802 4593 35.
840 4531 1020 4589 Gaius
1045 4550 1175 4602 says
1197 4533 1275 4603 (ii.
1296 4533 1422 4604 232)
1443 4536 1565 4591 that
1592 4553 1629 4599 a
1655 4536 1853 4606 legacy
1879 4535 1895 4565 ‘
1914 4552 2043 4593 cum
2068 4535 2233 4593 heres
2259 4552 2421 4591 meus
2447 4534 2877 4591 morietur’was
