<?xml version="1.0" encoding="UTF-8"?>
<!DOCTYPE html PUBLIC "-//W3C//DTD XHTML 1.0 Transitional//EN"
    "http://www.w3.org/TR/xhtml1/DTD/xhtml1-transitional.dtd">
<html xmlns="http://www.w3.org/1999/xhtml" xml:lang="en" lang="en">
 <head>
  <title>
</title>
<meta http-equiv="Content-Type" content="text/html;charset=utf-8" />
  <meta name='ocr-system' content='tesseract 3.04.00' />
  <meta name='ocr-capabilities' content='ocr_page ocr_carea ocr_par ocr_line ocrx_word'/>
</head>
<body>
  <div class='ocr_page' id='page_1' title='image "./imperatorislust01unkngoog_0371.png"; bbox 0 0 3230 5116; ppageno 0'>
   <div class='ocr_carea' id='block_1_1' title="bbox 373 396 2677 474">
    <p class='ocr_par' dir='ltr' id='par_1_1' title="bbox 373 396 2677 474">
     <span class='ocr_line' id='line_1_1' title="bbox 373 396 2677 474; baseline 0 -18"><span class='ocrx_word' id='word_1_1' title='bbox 373 407 482 457; x_wconf 82' lang='lat' dir='ltr'>Tit.</span> <span class='ocrx_word' id='word_1_2' title='bbox 511 400 582 469; x_wconf 82' lang='lat'>7.]</span> <span class='ocrx_word' id='word_1_3' title='bbox 850 397 972 452; x_wconf 88' lang='lat' dir='ltr'>DE</span> <span class='ocrx_word' id='word_1_4' title='bbox 1014 399 1064 452; x_wconf 87' lang='lat' dir='ltr'><em>S</em></span> <span class='ocrx_word' id='word_1_5' title='bbox 1073 397 1174 452; x_wconf 86' lang='lat' dir='ltr'>UC</span> <span class='ocrx_word' id='word_1_6' title='bbox 1175 396 1587 452; x_wconf 85' lang='lat' dir='ltr'><em>CESSIONE</em></span> <span class='ocrx_word' id='word_1_7' title='bbox 1628 397 2199 455; x_wconf 85' lang='lat' dir='ltr'><em>LIBERTORUM.</em></span> <span class='ocrx_word' id='word_1_8' title='bbox 2550 403 2677 474; x_wconf 82' lang='lat'>359</span> 
     </span>
    </p>
   </div>
   <div class='ocr_carea' id='block_1_2' title="bbox 372 547 2778 3137">
    <p class='ocr_par' dir='ltr' id='par_1_2' title="bbox 372 547 2778 3137">
     <span class='ocr_line' id='line_1_2' title="bbox 383 547 2771 646; baseline -0.003 -20"><span class='ocrx_word' id='word_1_9' title='bbox 383 569 394 578; x_wconf 84' lang='lat'><strong><em>&#39;</em></strong></span> <span class='ocrx_word' id='word_1_10' title='bbox 469 561 798 646; x_wconf 85' lang='lat' dir='ltr'>Repetitis</span> <span class='ocrx_word' id='word_1_11' title='bbox 831 563 1057 645; x_wconf 88' lang='lat' dir='ltr'>itaque</span> <span class='ocrx_word' id='word_1_12' title='bbox 1087 547 1391 626; x_wconf 88' lang='lat' dir='ltr'>omnibus</span> <span class='ocrx_word' id='word_1_13' title='bbox 1419 582 1594 644; x_wconf 88' lang='lat' dir='ltr'>quae</span> <span class='ocrx_word' id='word_1_14' title='bbox 1632 562 1764 625; x_wconf 90' lang='lat' dir='ltr'>iam</span> <span class='ocrx_word' id='word_1_15' title='bbox 1798 562 2189 627; x_wconf 86' lang='lat' dir='ltr'>tradidimus</span> <span class='ocrx_word' id='word_1_16' title='bbox 2230 571 2506 645; x_wconf 88' lang='lat' dir='ltr'>apparet</span> <span class='ocrx_word' id='word_1_17' title='bbox 2548 582 2681 626; x_wconf 87' lang='lat' dir='ltr'>non</span> <span class='ocrx_word' id='word_1_18' title='bbox 2710 566 2771 620; x_wconf 91' lang='lat'>11</span> 
     </span>
     <span class='ocr_line' id='line_1_3' title="bbox 375 665 2684 749; baseline -0 -18"><span class='ocrx_word' id='word_1_19' title='bbox 375 686 641 749; x_wconf 86' lang='lat' dir='ltr'><strong>semper</strong></span> <span class='ocrx_word' id='word_1_20' title='bbox 679 687 813 742; x_wconf 82' lang='lat' dir='ltr'>eOS‚</span> <span class='ocrx_word' id='word_1_21' title='bbox 860 667 974 748; x_wconf 91' lang='lat' dir='ltr'>qui</span> <span class='ocrx_word' id='word_1_22' title='bbox 1019 679 1248 749; x_wconf 82' lang='lat' dir='ltr'>parem</span> <span class='ocrx_word' id='word_1_23' title='bbox 1293 665 1575 747; x_wconf 86' lang='lat' dir='ltr'>gradum</span> <span class='ocrx_word' id='word_1_24' title='bbox 1620 666 2034 748; x_wconf 87' lang='lat' dir='ltr'>cognationis</span> <span class='ocrx_word' id='word_1_25' title='bbox 2078 666 2399 748; x_wconf 86' lang='lat' dir='ltr'>optinent,</span> <span class='ocrx_word' id='word_1_26' title='bbox 2438 667 2684 749; x_wconf 91' lang='lat' dir='ltr'>pariter</span> 
     </span>
     <span class='ocr_line' id='line_1_4' title="bbox 372 768 2683 852; baseline 0 -20"><span class='ocrx_word' id='word_1_27' title='bbox 372 771 597 834; x_wconf 89' lang='lat' dir='ltr'>vocari</span> <span class='ocrx_word' id='word_1_28' title='bbox 657 791 870 852; x_wconf 88' lang='lat' dir='ltr'>eoque</span> <span class='ocrx_word' id='word_1_29' title='bbox 921 768 1204 851; x_wconf 89' lang='lat' dir='ltr'>amplius</span> <span class='ocrx_word' id='word_1_30' title='bbox 1267 788 1390 832; x_wconf 92' lang='lat' dir='ltr'>nec</span> <span class='ocrx_word' id='word_1_31' title='bbox 1450 790 1603 832; x_wconf 88' lang='lat' dir='ltr'>eum</span> <span class='ocrx_word' id='word_1_32' title='bbox 1658 770 1944 851; x_wconf 90' lang='lat' dir='ltr'>quidem,</span> <span class='ocrx_word' id='word_1_33' title='bbox 1998 771 2113 851; x_wconf 91' lang='lat' dir='ltr'>qui</span> <span class='ocrx_word' id='word_1_34' title='bbox 2172 770 2543 852; x_wconf 71' lang='lat' dir='ltr'>proximior·</span> <span class='ocrx_word' id='word_1_35' title='bbox 2596 770 2683 834; x_wconf 91' lang='lat' dir='ltr'>sit</span> 
     </span>
     <span class='ocr_line' id='line_1_5' title="bbox 373 873 2681 956; baseline -0 -20"><span class='ocrx_word' id='word_1_36' title='bbox 373 882 717 954; x_wconf 81' lang='lat' dir='ltr'>cognatuS,</span> <span class='ocrx_word' id='word_1_37' title='bbox 764 893 1026 955; x_wconf 87' lang='lat' dir='ltr'>semper</span> <span class='ocrx_word' id='word_1_38' title='bbox 1070 873 1398 956; x_wconf 88' lang='lat' dir='ltr'>potiorem</span> <span class='ocrx_word' id='word_1_39' title='bbox 1441 893 1604 936; x_wconf 89' lang='lat' dir='ltr'>esse.</span> <span class='ocrx_word' id='word_1_40' title='bbox 1681 892 1833 937; x_wconf 91' lang='lat' dir='ltr'>cum</span> <span class='ocrx_word' id='word_1_41' title='bbox 1881 873 2056 936; x_wconf 90' lang='lat' dir='ltr'>enim</span> <span class='ocrx_word' id='word_1_42' title='bbox 2101 874 2314 956; x_wconf 90' lang='lat' dir='ltr'>prima</span> <span class='ocrx_word' id='word_1_43' title='bbox 2358 892 2557 937; x_wconf 88' lang='lat' dir='ltr'>causa</span> <span class='ocrx_word' id='word_1_44' title='bbox 2596 873 2681 936; x_wconf 89' lang='lat' dir='ltr'>sit</span> 
     </span>
     <span class='ocr_line' id='line_1_6' title="bbox 376 976 2682 1059; baseline -0.001 -17"><span class='ocrx_word' id='word_1_45' title='bbox 376 997 647 1042; x_wconf 90' lang='lat' dir='ltr'>suorum</span> <span class='ocrx_word' id='word_1_46' title='bbox 707 976 1026 1040; x_wconf 87' lang='lat' dir='ltr'>heredum</span> <span class='ocrx_word' id='word_1_47' title='bbox 1087 997 1386 1059; x_wconf 88' lang='lat' dir='ltr'>quosque</span> <span class='ocrx_word' id='word_1_48' title='bbox 1428 977 1598 1040; x_wconf 91' lang='lat' dir='ltr'>inter</span> <span class='ocrx_word' id='word_1_49' title='bbox 1642 997 1800 1041; x_wconf 90' lang='lat' dir='ltr'>suos</span> <span class='ocrx_word' id='word_1_50' title='bbox 1838 976 2115 1040; x_wconf 90' lang='lat' dir='ltr'>heredes</span> <span class='ocrx_word' id='word_1_51' title='bbox 2161 979 2292 1041; x_wconf 89' lang='lat' dir='ltr'>iam</span> <span class='ocrx_word' id='word_1_52' title='bbox 2340 997 2682 1040; x_wconf 91' lang='lat' dir='ltr'>enumera-</span> 
     </span>
     <span class='ocr_line' id='line_1_7' title="bbox 375 1079 2681 1164; baseline 0 -22"><span class='ocrx_word' id='word_1_53' title='bbox 375 1081 612 1156; x_wconf 77' lang='lat' dir='ltr'>vimuS,</span> <span class='ocrx_word' id='word_1_54' title='bbox 644 1090 920 1163; x_wconf 89' lang='lat' dir='ltr'>apparet</span> <span class='ocrx_word' id='word_1_55' title='bbox 964 1089 1396 1163; x_wconf 89' lang='lat' dir='ltr'>pronepotem</span> <span class='ocrx_word' id='word_1_56' title='bbox 1425 1079 1531 1144; x_wconf 90' lang='lat' dir='ltr'>vel</span> <span class='ocrx_word' id='word_1_57' title='bbox 1575 1079 1977 1164; x_wconf 85' lang='lat' dir='ltr'>abnepotem</span> <span class='ocrx_word' id='word_1_58' title='bbox 2021 1081 2312 1145; x_wconf 86' lang='lat' dir='ltr'>defuncti</span> <span class='ocrx_word' id='word_1_59' title='bbox 2356 1081 2681 1164; x_wconf 91' lang='lat' dir='ltr'>potiorem</span> 
     </span>
     <span class='ocr_line' id='line_1_8' title="bbox 377 1177 2681 1266; baseline -0.001 -18"><span class='ocrx_word' id='word_1_60' title='bbox 377 1203 526 1248; x_wconf 90' lang='lat' dir='ltr'>esse</span> <span class='ocrx_word' id='word_1_61' title='bbox 585 1203 787 1266; x_wconf 88' lang='lat' dir='ltr'>quam</span> <span class='ocrx_word' id='word_1_62' title='bbox 847 1183 1116 1246; x_wconf 87' lang='lat' dir='ltr'>fratrem</span> <span class='ocrx_word' id='word_1_63' title='bbox 1175 1193 1292 1248; x_wconf 91' lang='lat' dir='ltr'>aut</span> <span class='ocrx_word' id='word_1_64' title='bbox 1361 1192 1621 1266; x_wconf 88' lang='lat' dir='ltr'>patrem</span> <span class='ocrx_word' id='word_1_65' title='bbox 1684 1193 2097 1266; x_wconf 90' lang='lat' dir='ltr'>matremque</span> <span class='ocrx_word' id='word_1_66' title='bbox 2161 1177 2469 1261; x_wconf 88' lang='lat' dir='ltr'>defuncti,</span> <span class='ocrx_word' id='word_1_67' title='bbox 2528 1203 2681 1247; x_wconf 91' lang='lat' dir='ltr'>cum</span> 
     </span>
     <span class='ocr_line' id='line_1_9' title="bbox 376 1287 2682 1371; baseline -0 -21"><span class='ocrx_word' id='word_1_68' title='bbox 376 1287 673 1369; x_wconf 88' lang='lat' dir='ltr'>alioquin</span> <span class='ocrx_word' id='word_1_69' title='bbox 713 1295 905 1370; x_wconf 91' lang='lat' dir='ltr'>pater</span> <span class='ocrx_word' id='word_1_70' title='bbox 933 1287 1202 1370; x_wconf 90' lang='lat' dir='ltr'>quidem</span> <span class='ocrx_word' id='word_1_71' title='bbox 1249 1296 1317 1351; x_wconf 92' lang='lat' dir='ltr'>et</span> <span class='ocrx_word' id='word_1_72' title='bbox 1361 1298 1591 1366; x_wconf 89' lang='lat' dir='ltr'>mater,</span> <span class='ocrx_word' id='word_1_73' title='bbox 1622 1297 1696 1353; x_wconf 91' lang='lat' dir='ltr'>ut</span> <span class='ocrx_word' id='word_1_74' title='bbox 1735 1309 1933 1370; x_wconf 90' lang='lat' dir='ltr'>supra</span> <span class='ocrx_word' id='word_1_75' title='bbox 1970 1307 2233 1371; x_wconf 87' lang='lat' dir='ltr'>quoque</span> <span class='ocrx_word' id='word_1_76' title='bbox 2272 1287 2682 1364; x_wconf 79' lang='lat' dir='ltr'>tradidimuS,</span> 
     </span>
     <span class='ocr_line' id='line_1_10' title="bbox 376 1390 2680 1475; baseline 0 -22"><span class='ocrx_word' id='word_1_77' title='bbox 376 1393 663 1473; x_wconf 91' lang='lat' dir='ltr'>primum</span> <span class='ocrx_word' id='word_1_78' title='bbox 694 1392 976 1473; x_wconf 89' lang='lat' dir='ltr'>gradum</span> <span class='ocrx_word' id='word_1_79' title='bbox 1024 1391 1436 1473; x_wconf 88' lang='lat' dir='ltr'>cognationis</span> <span class='ocrx_word' id='word_1_80' title='bbox 1476 1391 1845 1475; x_wconf 89' lang='lat' dir='ltr'>optineant,</span> <span class='ocrx_word' id='word_1_81' title='bbox 1876 1392 2077 1455; x_wconf 86' lang='lat' dir='ltr'>frater</span> <span class='ocrx_word' id='word_1_82' title='bbox 2105 1412 2262 1455; x_wconf 91' lang='lat' dir='ltr'>vero</span> <span class='ocrx_word' id='word_1_83' title='bbox 2298 1390 2680 1465; x_wconf 89' lang='lat' dir='ltr'>secundum,</span> 
     </span>
     <span class='ocr_line' id='line_1_11' title="bbox 375 1495 2679 1578; baseline 0 -20"><span class='ocrx_word' id='word_1_84' title='bbox 375 1515 708 1577; x_wconf 87' lang='lat' dir='ltr'>pronepos</span> <span class='ocrx_word' id='word_1_85' title='bbox 738 1505 963 1559; x_wconf 88' lang='lat' dir='ltr'>autem</span> <span class='ocrx_word' id='word_1_86' title='bbox 1007 1497 1202 1560; x_wconf 90' lang='lat' dir='ltr'>tertio</span> <span class='ocrx_word' id='word_1_87' title='bbox 1243 1496 1453 1578; x_wconf 87' lang='lat' dir='ltr'>gradu</span> <span class='ocrx_word' id='word_1_88' title='bbox 1499 1497 1586 1559; x_wconf 92' lang='lat' dir='ltr'>sit</span> <span class='ocrx_word' id='word_1_89' title='bbox 1628 1505 1951 1578; x_wconf 87' lang='lat' dir='ltr'>cognatus</span> <span class='ocrx_word' id='word_1_90' title='bbox 1981 1505 2049 1559; x_wconf 92' lang='lat' dir='ltr'>et</span> <span class='ocrx_word' id='word_1_91' title='bbox 2080 1495 2375 1578; x_wconf 88' lang='lat' dir='ltr'>abnepos</span> <span class='ocrx_word' id='word_1_92' title='bbox 2404 1504 2679 1577; x_wconf 88' lang='lat' dir='ltr'>quarto:</span> 
     </span>
     <span class='ocr_line' id='line_1_12' title="bbox 378 1597 2679 1681; baseline 0 -20"><span class='ocrx_word' id='word_1_93' title='bbox 378 1618 500 1662; x_wconf 91' lang='lat' dir='ltr'>nec</span> <span class='ocrx_word' id='word_1_94' title='bbox 532 1600 825 1674; x_wconf 88' lang='lat' dir='ltr'>interest,</span> <span class='ocrx_word' id='word_1_95' title='bbox 863 1601 928 1661; x_wconf 89' lang='lat' dir='ltr'>in</span> <span class='ocrx_word' id='word_1_96' title='bbox 969 1607 1304 1681; x_wconf 89' lang='lat' dir='ltr'>potestate</span> <span class='ocrx_word' id='word_1_97' title='bbox 1343 1599 1681 1663; x_wconf 90' lang='lat' dir='ltr'>morientis</span> <span class='ocrx_word' id='word_1_98' title='bbox 1724 1599 1921 1664; x_wconf 88' lang='lat' dir='ltr'>fuerit</span> <span class='ocrx_word' id='word_1_99' title='bbox 1958 1619 2044 1662; x_wconf 91' lang='lat' dir='ltr'>an</span> <span class='ocrx_word' id='word_1_100' title='bbox 2088 1619 2219 1662; x_wconf 90' lang='lat' dir='ltr'>non</span> <span class='ocrx_word' id='word_1_101' title='bbox 2257 1598 2467 1676; x_wconf 88' lang='lat' dir='ltr'>suerit,</span> <span class='ocrx_word' id='word_1_102' title='bbox 2501 1597 2679 1681; x_wconf 94' lang='lat' dir='ltr'>quod</span> 
     </span>
     <span class='ocr_line' id='line_1_13' title="bbox 375 1701 2681 1786; baseline -0.001 -20"><span class='ocrx_word' id='word_1_103' title='bbox 375 1701 482 1766; x_wconf 90' lang='lat' dir='ltr'>vel</span> <span class='ocrx_word' id='word_1_104' title='bbox 539 1704 994 1786; x_wconf 89' lang='lat' dir='ltr'>emancipatus</span> <span class='ocrx_word' id='word_1_105' title='bbox 1051 1702 1157 1767; x_wconf 90' lang='lat' dir='ltr'>vel</span> <span class='ocrx_word' id='word_1_106' title='bbox 1219 1725 1308 1767; x_wconf 87' lang='lat' dir='ltr'>ex</span> <span class='ocrx_word' id='word_1_107' title='bbox 1361 1705 1778 1786; x_wconf 90' lang='lat' dir='ltr'>emancipato</span> <span class='ocrx_word' id='word_1_108' title='bbox 1828 1713 1944 1768; x_wconf 91' lang='lat' dir='ltr'>aut</span> <span class='ocrx_word' id='word_1_109' title='bbox 1996 1725 2086 1768; x_wconf 87' lang='lat' dir='ltr'>ex</span> <span class='ocrx_word' id='word_1_110' title='bbox 2137 1703 2453 1766; x_wconf 87' lang='lat' dir='ltr'>feminino</span> <span class='ocrx_word' id='word_1_111' title='bbox 2514 1723 2681 1766; x_wconf 85' lang='lat' dir='ltr'>sexu</span> 
     </span>
     <span class='ocr_line' id='line_1_14' title="bbox 376 1807 2778 1890; baseline -0.001 -19"><span class='ocrx_word' id='word_1_112' title='bbox 376 1817 783 1890; x_wconf 87' lang='lat' dir='ltr'>propagatus</span> <span class='ocrx_word' id='word_1_113' title='bbox 814 1817 935 1872; x_wconf 90' lang='lat' dir='ltr'>est.</span> <span class='ocrx_word' id='word_1_114' title='bbox 1025 1807 1300 1872; x_wconf 89' lang='lat' dir='ltr'>Amotis</span> <span class='ocrx_word' id='word_1_115' title='bbox 1329 1828 1594 1890; x_wconf 88' lang='lat' dir='ltr'>quoque</span> <span class='ocrx_word' id='word_1_116' title='bbox 1632 1808 1765 1872; x_wconf 91' lang='lat' dir='ltr'>suis</span> <span class='ocrx_word' id='word_1_117' title='bbox 1796 1807 2150 1872; x_wconf 89' lang='lat' dir='ltr'>heredibus</span> <span class='ocrx_word' id='word_1_118' title='bbox 2182 1827 2484 1889; x_wconf 90' lang='lat' dir='ltr'>quosque</span> <span class='ocrx_word' id='word_1_119' title='bbox 2514 1807 2684 1869; x_wconf 92' lang='lat' dir='ltr'>inter</span> <span class='ocrx_word' id='word_1_120' title='bbox 2713 1815 2778 1869; x_wconf 88' lang='lat'>12</span> 
     </span>
     <span class='ocr_line' id='line_1_15' title="bbox 375 1909 2681 1994; baseline -0.001 -20"><span class='ocrx_word' id='word_1_121' title='bbox 375 1931 532 1974; x_wconf 90' lang='lat' dir='ltr'>suos</span> <span class='ocrx_word' id='word_1_122' title='bbox 603 1911 878 1976; x_wconf 88' lang='lat' dir='ltr'>heredes</span> <span class='ocrx_word' id='word_1_123' title='bbox 942 1912 1162 1976; x_wconf 87' lang='lat' dir='ltr'>vocari</span> <span class='ocrx_word' id='word_1_124' title='bbox 1222 1913 1534 1990; x_wconf 80' lang='lat' dir='ltr'>diximuS,</span> <span class='ocrx_word' id='word_1_125' title='bbox 1593 1913 1942 1994; x_wconf 80' lang='lat' dir='ltr'>adgnatuS,</span> <span class='ocrx_word' id='word_1_126' title='bbox 2001 1912 2115 1994; x_wconf 93' lang='lat' dir='ltr'>qui</span> <span class='ocrx_word' id='word_1_127' title='bbox 2181 1912 2511 1994; x_wconf 86' lang='lat' dir='ltr'>integrum</span> <span class='ocrx_word' id='word_1_128' title='bbox 2581 1909 2681 1973; x_wconf 91' lang='lat' dir='ltr'>ius</span> 
     </span>
     <span class='ocr_line' id='line_1_16' title="bbox 375 2012 2683 2098; baseline -0.003 -17"><span class='ocrx_word' id='word_1_129' title='bbox 375 2016 800 2098; x_wconf 85' lang='lat' dir='ltr'>adgnationis</span> <span class='ocrx_word' id='word_1_130' title='bbox 846 2015 1072 2090; x_wconf 91' lang='lat' dir='ltr'>habet,</span> <span class='ocrx_word' id='word_1_131' title='bbox 1127 2016 1386 2080; x_wconf 88' lang='lat' dir='ltr'>etiamsi</span> <span class='ocrx_word' id='word_1_132' title='bbox 1436 2016 1821 2098; x_wconf 89' lang='lat' dir='ltr'>longissimo</span> <span class='ocrx_word' id='word_1_133' title='bbox 1873 2015 2082 2096; x_wconf 87' lang='lat' dir='ltr'>gradu</span> <span class='ocrx_word' id='word_1_134' title='bbox 2136 2014 2239 2088; x_wconf 90' lang='lat' dir='ltr'>sit,</span> <span class='ocrx_word' id='word_1_135' title='bbox 2292 2012 2683 2095; x_wconf 88' lang='lat' dir='ltr'>plerumque</span> 
     </span>
     <span class='ocr_line' id='line_1_17' title="bbox 376 2116 2681 2202; baseline -0.002 -21"><span class='ocrx_word' id='word_1_136' title='bbox 376 2121 599 2200; x_wconf 92' lang='lat' dir='ltr'>potior</span> <span class='ocrx_word' id='word_1_137' title='bbox 637 2118 918 2184; x_wconf 88' lang='lat' dir='ltr'>habetur</span> <span class='ocrx_word' id='word_1_138' title='bbox 954 2139 1158 2202; x_wconf 91' lang='lat' dir='ltr'>quam</span> <span class='ocrx_word' id='word_1_139' title='bbox 1200 2120 1568 2202; x_wconf 82' lang='lat' dir='ltr'>proximior</span> <span class='ocrx_word' id='word_1_140' title='bbox 1608 2126 1969 2201; x_wconf 86' lang='lat' dir='ltr'>cognatus:</span> <span class='ocrx_word' id='word_1_141' title='bbox 2017 2137 2173 2180; x_wconf 87' lang='lat' dir='ltr'>nam</span> <span class='ocrx_word' id='word_1_142' title='bbox 2219 2116 2438 2198; x_wconf 90' lang='lat' dir='ltr'>patrui</span> <span class='ocrx_word' id='word_1_143' title='bbox 2474 2135 2681 2197; x_wconf 89' lang='lat' dir='ltr'>nepos</span> 
     </span>
     <span class='ocr_line' id='line_1_18' title="bbox 377 2217 2683 2305; baseline -0.002 -21"><span class='ocrx_word' id='word_1_144' title='bbox 377 2221 480 2285; x_wconf 89' lang='lat' dir='ltr'>vel</span> <span class='ocrx_word' id='word_1_145' title='bbox 511 2241 842 2305; x_wconf 88' lang='lat' dir='ltr'>pronepos</span> <span class='ocrx_word' id='word_1_146' title='bbox 871 2221 1195 2286; x_wconf 88' lang='lat' dir='ltr'>avunculo</span> <span class='ocrx_word' id='word_1_147' title='bbox 1219 2222 1324 2285; x_wconf 89' lang='lat' dir='ltr'>vel</span> <span class='ocrx_word' id='word_1_148' title='bbox 1359 2232 1749 2286; x_wconf 89' lang='lat' dir='ltr'>materterae</span> <span class='ocrx_word' id='word_1_149' title='bbox 1780 2220 2157 2304; x_wconf 86' lang='lat' dir='ltr'>praefertur.</span> <span class='ocrx_word' id='word_1_150' title='bbox 2216 2219 2461 2283; x_wconf 91' lang='lat' dir='ltr'>totiens</span> <span class='ocrx_word' id='word_1_151' title='bbox 2486 2217 2683 2299; x_wconf 87' lang='lat' dir='ltr'>igitur</span> 
     </span>
     <span class='ocr_line' id='line_1_19' title="bbox 378 2323 2681 2409; baseline -0.002 -21"><span class='ocrx_word' id='word_1_152' title='bbox 378 2325 659 2390; x_wconf 90' lang='lat' dir='ltr'>dicimus</span> <span class='ocrx_word' id='word_1_153' title='bbox 703 2337 819 2390; x_wconf 91' lang='lat' dir='ltr'>aut</span> <span class='ocrx_word' id='word_1_154' title='bbox 863 2328 1192 2409; x_wconf 88' lang='lat' dir='ltr'>potiorem</span> <span class='ocrx_word' id='word_1_155' title='bbox 1233 2325 1461 2391; x_wconf 90' lang='lat' dir='ltr'>haberi</span> <span class='ocrx_word' id='word_1_156' title='bbox 1516 2347 1669 2390; x_wconf 90' lang='lat' dir='ltr'>eum</span> <span class='ocrx_word' id='word_1_157' title='bbox 1721 2327 1836 2409; x_wconf 89' lang='lat' dir='ltr'>qui</span> <span class='ocrx_word' id='word_1_158' title='bbox 1880 2325 2356 2408; x_wconf 85' lang='lat' dir='ltr'>proximiorem</span> <span class='ocrx_word' id='word_1_159' title='bbox 2399 2323 2681 2404; x_wconf 87' lang='lat' dir='ltr'>gradum</span> 
     </span>
     <span class='ocr_line' id='line_1_20' title="bbox 377 2427 2681 2514; baseline -0.002 -20"><span class='ocrx_word' id='word_1_160' title='bbox 377 2431 793 2512; x_wconf 84' lang='lat' dir='ltr'>cognationis</span> <span class='ocrx_word' id='word_1_161' title='bbox 839 2432 1114 2514; x_wconf 89' lang='lat' dir='ltr'>optinet,</span> <span class='ocrx_word' id='word_1_162' title='bbox 1171 2442 1286 2495; x_wconf 91' lang='lat' dir='ltr'>aut</span> <span class='ocrx_word' id='word_1_163' title='bbox 1338 2431 1586 2513; x_wconf 90' lang='lat' dir='ltr'>pariter</span> <span class='ocrx_word' id='word_1_164' title='bbox 1633 2430 1850 2496; x_wconf 87' lang='lat' dir='ltr'>vocari</span> <span class='ocrx_word' id='word_1_165' title='bbox 1897 2450 2011 2494; x_wconf 92' lang='lat' dir='ltr'>eos</span> <span class='ocrx_word' id='word_1_166' title='bbox 2054 2429 2167 2512; x_wconf 91' lang='lat' dir='ltr'>qui</span> <span class='ocrx_word' id='word_1_167' title='bbox 2220 2427 2484 2510; x_wconf 87' lang='lat' dir='ltr'>cognati</span> <span class='ocrx_word' id='word_1_168' title='bbox 2530 2427 2681 2503; x_wconf 89' lang='lat' dir='ltr'>sint,</span> 
     </span>
     <span class='ocr_line' id='line_1_21' title="bbox 376 2532 2684 2619; baseline -0.002 -21"><span class='ocrx_word' id='word_1_169' title='bbox 376 2535 684 2617; x_wconf 90' lang='lat' dir='ltr'>quotiens</span> <span class='ocrx_word' id='word_1_170' title='bbox 752 2555 968 2619; x_wconf 91' lang='lat' dir='ltr'>neque</span> <span class='ocrx_word' id='word_1_171' title='bbox 1038 2555 1308 2599; x_wconf 90' lang='lat' dir='ltr'>suorum</span> <span class='ocrx_word' id='word_1_172' title='bbox 1381 2533 1701 2600; x_wconf 87' lang='lat' dir='ltr'>heredum</span> <span class='ocrx_word' id='word_1_173' title='bbox 1774 2534 1912 2597; x_wconf 91' lang='lat' dir='ltr'>iure</span> <span class='ocrx_word' id='word_1_174' title='bbox 1980 2534 2224 2616; x_wconf 90' lang='lat' dir='ltr'>quique</span> <span class='ocrx_word' id='word_1_175' title='bbox 2294 2532 2464 2595; x_wconf 90' lang='lat' dir='ltr'>inter</span> <span class='ocrx_word' id='word_1_176' title='bbox 2530 2550 2684 2594; x_wconf 89' lang='lat' dir='ltr'>suos</span> 
     </span>
     <span class='ocr_line' id='line_1_22' title="bbox 375 2624 2722 2722; baseline -0.003 -21"><span class='ocrx_word' id='word_1_177' title='bbox 375 2638 654 2702; x_wconf 90' lang='lat' dir='ltr'>heredes</span> <span class='ocrx_word' id='word_1_178' title='bbox 699 2650 855 2703; x_wconf 90' lang='lat' dir='ltr'>sunt</span> <span class='ocrx_word' id='word_1_179' title='bbox 901 2658 1116 2721; x_wconf 91' lang='lat' dir='ltr'>neque</span> <span class='ocrx_word' id='word_1_180' title='bbox 1161 2639 1583 2722; x_wconf 86' lang='lat' dir='ltr'>adgnationis</span> <span class='ocrx_word' id='word_1_181' title='bbox 1628 2640 1764 2702; x_wconf 88' lang='lat' dir='ltr'>iure</span> <span class='ocrx_word' id='word_1_182' title='bbox 1806 2638 2044 2720; x_wconf 88' lang='lat' dir='ltr'>aliquis</span> <span class='ocrx_word' id='word_1_183' title='bbox 2088 2634 2395 2719; x_wconf 86' lang='lat' dir='ltr'>praeferri</span> <span class='ocrx_word' id='word_1_184' title='bbox 2442 2624 2722 2696; x_wconf 79' lang='lat' dir='ltr'>debeat‘</span> 
     </span>
     <span class='ocr_line' id='line_1_23' title="bbox 376 2740 2686 2824; baseline -0.003 -20"><span class='ocrx_word' id='word_1_185' title='bbox 376 2743 744 2806; x_wconf 91' lang='lat' dir='ltr'>secundum</span> <span class='ocrx_word' id='word_1_186' title='bbox 776 2763 855 2805; x_wconf 89' lang='lat' dir='ltr'>ea</span> <span class='ocrx_word' id='word_1_187' title='bbox 884 2761 1056 2824; x_wconf 91' lang='lat' dir='ltr'>quae</span> <span class='ocrx_word' id='word_1_188' title='bbox 1087 2744 1498 2821; x_wconf 78' lang='lat' dir='ltr'>tradidimu3‚</span> <span class='ocrx_word' id='word_1_189' title='bbox 1531 2742 1831 2824; x_wconf 85' lang='lat' dir='ltr'>exceptis</span> <span class='ocrx_word' id='word_1_190' title='bbox 1862 2740 2061 2803; x_wconf 86' lang='lat' dir='ltr'>fratre</span> <span class='ocrx_word' id='word_1_191' title='bbox 2105 2748 2173 2802; x_wconf 88' lang='lat' dir='ltr'>et</span> <span class='ocrx_word' id='word_1_192' title='bbox 2209 2757 2430 2801; x_wconf 88' lang='lat' dir='ltr'>sorore</span> <span class='ocrx_word' id='word_1_193' title='bbox 2460 2756 2686 2799; x_wconf 89' lang='lat' dir='ltr'>eman-</span> 
     </span>
     <span class='ocr_line' id='line_1_24' title="bbox 378 2842 2685 2928; baseline -0.003 -21"><span class='ocrx_word' id='word_1_194' title='bbox 378 2846 628 2927; x_wconf 89' lang='lat' dir='ltr'>cipatis,</span> <span class='ocrx_word' id='word_1_195' title='bbox 676 2846 790 2928; x_wconf 88' lang='lat' dir='ltr'>qui</span> <span class='ocrx_word' id='word_1_196' title='bbox 850 2847 936 2910; x_wconf 90' lang='lat' dir='ltr'>ad</span> <span class='ocrx_word' id='word_1_197' title='bbox 997 2848 1481 2911; x_wconf 89' lang='lat' dir='ltr'>successionem</span> <span class='ocrx_word' id='word_1_198' title='bbox 1534 2847 1810 2910; x_wconf 87' lang='lat' dir='ltr'>fratrum</span> <span class='ocrx_word' id='word_1_199' title='bbox 1855 2842 1961 2907; x_wconf 90' lang='lat' dir='ltr'>vel</span> <span class='ocrx_word' id='word_1_200' title='bbox 2009 2862 2305 2906; x_wconf 91' lang='lat' dir='ltr'>sororum</span> <span class='ocrx_word' id='word_1_201' title='bbox 2350 2848 2685 2915; x_wconf 88' lang='lat' dir='ltr'>vocantur,</span> 
     </span>
     <span class='ocr_line' id='line_1_25' title="bbox 377 2942 2686 3032; baseline -0.003 -20"><span class='ocrx_word' id='word_1_202' title='bbox 377 2950 492 3031; x_wconf 92' lang='lat' dir='ltr'>qui</span> <span class='ocrx_word' id='word_1_203' title='bbox 547 2959 614 3013; x_wconf 90' lang='lat' dir='ltr'>et</span> <span class='ocrx_word' id='word_1_204' title='bbox 664 2951 720 3013; x_wconf 92' lang='lat' dir='ltr'>si</span> <span class='ocrx_word' id='word_1_205' title='bbox 780 2951 1001 3032; x_wconf 87' lang='lat' dir='ltr'>capite</span> <span class='ocrx_word' id='word_1_206' title='bbox 1053 2951 1375 3015; x_wconf 90' lang='lat' dir='ltr'>deminuti</span> <span class='ocrx_word' id='word_1_207' title='bbox 1438 2960 1613 3026; x_wconf 88' lang='lat' dir='ltr'>sunt,</span> <span class='ocrx_word' id='word_1_208' title='bbox 1670 2961 1897 3014; x_wconf 90' lang='lat' dir='ltr'>tamen</span> <span class='ocrx_word' id='word_1_209' title='bbox 1950 2946 2403 3030; x_wconf 86' lang='lat' dir='ltr'>praeferuntur</span> <span class='ocrx_word' id='word_1_210' title='bbox 2452 2942 2686 3007; x_wconf 91' lang='lat' dir='ltr'>ceteris</span> 
     </span>
     <span class='ocr_line' id='line_1_26' title="bbox 377 3052 1332 3137; baseline 0.004 -22"><span class='ocrx_word' id='word_1_211' title='bbox 377 3052 702 3117; x_wconf 88' lang='lat' dir='ltr'>ulterioris</span> <span class='ocrx_word' id='word_1_212' title='bbox 729 3055 972 3137; x_wconf 88' lang='lat' dir='ltr'>gradus</span> <span class='ocrx_word' id='word_1_213' title='bbox 1004 3055 1332 3137; x_wconf 79' lang='lat' dir='ltr'>adgnatiS.</span> 
     </span>
    </p>
   </div>
   <div class='ocr_carea' id='block_1_3' title="bbox 937 3278 2132 3507">
    <p class='ocr_par' dir='ltr' id='par_1_3' title="bbox 937 3278 2132 3507">
     <span class='ocr_line' id='line_1_27' title="bbox 1451 3278 1612 3342; baseline -0.006 0"><span class='ocrx_word' id='word_1_214' title='bbox 1451 3278 1612 3342; x_wconf 90' lang='lat' dir='ltr'>V11.</span> 
     </span>
     <span class='ocr_line' id='line_1_28' title="bbox 937 3452 2132 3507; baseline -0.002 -2"><span class='ocrx_word' id='word_1_215' title='bbox 937 3456 1038 3505; x_wconf 85' lang='lat' dir='ltr'>DE</span> <span class='ocrx_word' id='word_1_216' title='bbox 1085 3453 1580 3507; x_wconf 85' lang='lat' dir='ltr'>SUCCESSIONE</span> <span class='ocrx_word' id='word_1_217' title='bbox 1626 3452 2132 3505; x_wconf 85' lang='lat' dir='ltr'><strong>LIBERTORUM.</strong></span> 
     </span>
    </p>
   </div>
   <div class='ocr_carea' id='block_1_4' title="bbox 376 3601 2687 4001">
    <p class='ocr_par' dir='ltr' id='par_1_4' title="bbox 376 3601 2687 4001">
     <span class='ocr_line' id='line_1_29' title="bbox 465 3601 2685 3684; baseline -0.002 -14"><span class='ocrx_word' id='word_1_218' title='bbox 465 3608 664 3670; x_wconf 90' lang='lat' dir='ltr'>Nunc</span> <span class='ocrx_word' id='word_1_219' title='bbox 717 3605 802 3670; x_wconf 91' lang='lat' dir='ltr'>de</span> <span class='ocrx_word' id='word_1_220' title='bbox 844 3603 1230 3669; x_wconf 91' lang='lat' dir='ltr'>libertorum</span> <span class='ocrx_word' id='word_1_221' title='bbox 1270 3602 1462 3667; x_wconf 87' lang='lat' dir='ltr'>bonis</span> <span class='ocrx_word' id='word_1_222' title='bbox 1501 3603 1868 3667; x_wconf 66' lang='lat' dir='ltr'>videamus</span> <span class='ocrx_word' id='word_1_223' title='bbox 1974 3601 2133 3665; x_wconf 92' lang='lat' dir='ltr'>olim</span> <span class='ocrx_word' id='word_1_224' title='bbox 2176 3601 2401 3684; x_wconf 91' lang='lat' dir='ltr'>itaque</span> <span class='ocrx_word' id='word_1_225' title='bbox 2436 3601 2685 3666; x_wconf 88' lang='lat' dir='ltr'>licebat</span> 
     </span>
     <span class='ocr_line' id='line_1_30' title="bbox 381 3706 2687 3793; baseline -0.002 -19"><span class='ocrx_word' id='word_1_226' title='bbox 381 3710 619 3775; x_wconf 93' lang='lat' dir='ltr'>liberto</span> <span class='ocrx_word' id='word_1_227' title='bbox 665 3720 1018 3793; x_wconf 91' lang='lat' dir='ltr'>patronum</span> <span class='ocrx_word' id='word_1_228' title='bbox 1067 3729 1259 3771; x_wconf 93' lang='lat' dir='ltr'>suum</span> <span class='ocrx_word' id='word_1_229' title='bbox 1309 3708 1579 3790; x_wconf 88' lang='lat' dir='ltr'>impune</span> <span class='ocrx_word' id='word_1_230' title='bbox 1630 3715 2035 3771; x_wconf 89' lang='lat' dir='ltr'>testamento</span> <span class='ocrx_word' id='word_1_231' title='bbox 2089 3706 2480 3790; x_wconf 88' lang='lat' dir='ltr'>praeterire:</span> <span class='ocrx_word' id='word_1_232' title='bbox 2530 3727 2687 3771; x_wconf 89' lang='lat' dir='ltr'>nam</span> 
     </span>
     <span class='ocr_line' id='line_1_31' title="bbox 377 3810 2684 3878; baseline -0.002 -1"><span class='ocrx_word' id='word_1_233' title='bbox 377 3816 474 3878; x_wconf 89' lang='lat' dir='ltr'>ita</span> <span class='ocrx_word' id='word_1_234' title='bbox 520 3816 790 3877; x_wconf 90' lang='lat' dir='ltr'>demum</span> <span class='ocrx_word' id='word_1_235' title='bbox 837 3813 950 3876; x_wconf 82' lang='lat' dir='ltr'>lex</span> <span class='ocrx_word' id='word_1_236' title='bbox 1003 3812 1355 3877; x_wconf 88' lang='lat' dir='ltr'>duodecim</span> <span class='ocrx_word' id='word_1_237' title='bbox 1409 3811 1790 3875; x_wconf 89' lang='lat' dir='ltr'>tabularum</span> <span class='ocrx_word' id='word_1_238' title='bbox 1837 3811 1924 3874; x_wconf 90' lang='lat' dir='ltr'>ad</span> <span class='ocrx_word' id='word_1_239' title='bbox 1974 3810 2414 3874; x_wconf 87' lang='lat' dir='ltr'>hereditatem</span> <span class='ocrx_word' id='word_1_240' title='bbox 2468 3810 2684 3874; x_wconf 89' lang='lat' dir='ltr'>liberti</span> 
     </span>
     <span class='ocr_line' id='line_1_32' title="bbox 376 3913 2683 4001; baseline -0.003 -20"><span class='ocrx_word' id='word_1_241' title='bbox 376 3917 660 3982; x_wconf 88' lang='lat' dir='ltr'>vocabat</span> <span class='ocrx_word' id='word_1_242' title='bbox 705 3927 1078 4001; x_wconf 87' lang='lat' dir='ltr'>patronum,</span> <span class='ocrx_word' id='word_1_243' title='bbox 1127 3917 1180 3980; x_wconf 92' lang='lat' dir='ltr'>si</span> <span class='ocrx_word' id='word_1_244' title='bbox 1227 3917 1580 3979; x_wconf 87' lang='lat' dir='ltr'>intestatus</span> <span class='ocrx_word' id='word_1_245' title='bbox 1627 3925 1927 3979; x_wconf 87' lang='lat' dir='ltr'>mortuus</span> <span class='ocrx_word' id='word_1_246' title='bbox 1965 3923 2140 3978; x_wconf 88' lang='lat' dir='ltr'>esset</span> <span class='ocrx_word' id='word_1_247' title='bbox 2185 3913 2458 3978; x_wconf 90' lang='lat' dir='ltr'>libertus</span> <span class='ocrx_word' id='word_1_248' title='bbox 2500 3913 2683 3976; x_wconf 89' lang='lat' dir='ltr'>nullo</span> 
     </span>
    </p>
   </div>
   <div class='ocr_carea' id='block_1_5' title="bbox 374 4100 2682 4590">
    <p class='ocr_par' dir='ltr' id='par_1_5' title="bbox 374 4100 2682 4590">
     <span class='ocr_line' id='line_1_33' title="bbox 376 4100 2680 4176; baseline -0.002 -16"><span class='ocrx_word' id='word_1_249' title='bbox 376 4105 638 4161; x_wconf 85' lang='lat' dir='ltr'>nationes</span> <span class='ocrx_word' id='word_1_250' title='bbox 663 4124 778 4161; x_wconf 88' lang='lat' dir='ltr'>non</span> <span class='ocrx_word' id='word_1_251' title='bbox 804 4106 1120 4176; x_wconf 88' lang='lat' dir='ltr'>pertinent.’</span> <span class='ocrx_word' id='word_1_252' title='bbox 1170 4106 1263 4160; x_wconf 91' lang='lat' dir='ltr'>On</span> <span class='ocrx_word' id='word_1_253' title='bbox 1289 4106 1384 4159; x_wconf 90' lang='lat' dir='ltr'>the</span> <span class='ocrx_word' id='word_1_254' title='bbox 1410 4105 1574 4160; x_wconf 89' lang='lat' dir='ltr'>other</span> <span class='ocrx_word' id='word_1_255' title='bbox 1597 4104 1770 4171; x_wconf 90' lang='lat' dir='ltr'>hand,</span> <span class='ocrx_word' id='word_1_256' title='bbox 1802 4102 2015 4173; x_wconf 88' lang='lat' dir='ltr'>Ulpian</span> <span class='ocrx_word' id='word_1_257' title='bbox 2040 4120 2171 4173; x_wconf 91' lang='lat' dir='ltr'>says</span> <span class='ocrx_word' id='word_1_258' title='bbox 2200 4100 2357 4171; x_wconf 88' lang='lat' dir='ltr'>(Dig.</span> <span class='ocrx_word' id='word_1_259' title='bbox 2383 4115 2465 4171; x_wconf 84' lang='lat'>50.</span> <span class='ocrx_word' id='word_1_260' title='bbox 2489 4115 2568 4169; x_wconf 85' lang='lat'>1·7.</span> <span class='ocrx_word' id='word_1_261' title='bbox 2590 4100 2680 4170; x_wconf 87' lang='lat'>32)</span> 
     </span>
     <span class='ocr_line' id='line_1_34' title="bbox 379 4184 2682 4260; baseline -0.002 -17"><span class='ocrx_word' id='word_1_262' title='bbox 379 4188 394 4217; x_wconf 93' lang='lat'>‘</span> <span class='ocrx_word' id='word_1_263' title='bbox 413 4188 566 4260; x_wconf 90' lang='lat' dir='ltr'>quod</span> <span class='ocrx_word' id='word_1_264' title='bbox 603 4188 803 4244; x_wconf 88' lang='lat' dir='ltr'>attinet</span> <span class='ocrx_word' id='word_1_265' title='bbox 829 4190 905 4243; x_wconf 91' lang='lat' dir='ltr'>ad</span> <span class='ocrx_word' id='word_1_266' title='bbox 939 4188 1025 4243; x_wconf 89' lang='lat' dir='ltr'>ius</span> <span class='ocrx_word' id='word_1_267' title='bbox 1052 4188 1232 4257; x_wconf 82' lang='lat' dir='ltr'>civile,</span> <span class='ocrx_word' id='word_1_268' title='bbox 1259 4187 1404 4242; x_wconf 88' lang='lat' dir='ltr'>servi</span> <span class='ocrx_word' id='word_1_269' title='bbox 1430 4204 1532 4257; x_wconf 88' lang='lat' dir='ltr'>pro</span> <span class='ocrx_word' id='word_1_270' title='bbox 1557 4186 1725 4241; x_wconf 87' lang='lat' dir='ltr'>nullis</span> <span class='ocrx_word' id='word_1_271' title='bbox 1751 4186 2033 4240; x_wconf 89' lang='lat' dir='ltr'>habentur</span> <span class='ocrx_word' id='word_1_272' title='bbox 2059 4204 2071 4240; x_wconf 90' lang='lat'>:</span> <span class='ocrx_word' id='word_1_273' title='bbox 2109 4201 2223 4239; x_wconf 88' lang='lat' dir='ltr'>non</span> <span class='ocrx_word' id='word_1_274' title='bbox 2253 4194 2447 4247; x_wconf 84' lang='lat' dir='ltr'>tamen</span> <span class='ocrx_word' id='word_1_275' title='bbox 2480 4194 2535 4239; x_wconf 91' lang='lat' dir='ltr'>et</span> <span class='ocrx_word' id='word_1_276' title='bbox 2563 4184 2682 4239; x_wconf 90' lang='lat' dir='ltr'>iure</span> 
     </span>
     <span class='ocr_line' id='line_1_35' title="bbox 375 4267 2680 4345; baseline -0.003 -18"><span class='ocrx_word' id='word_1_277' title='bbox 375 4272 656 4338; x_wconf 80' lang='lat' dir='ltr'>naturali3</span> <span class='ocrx_word' id='word_1_278' title='bbox 704 4272 852 4343; x_wconf 88' lang='lat' dir='ltr'>quia,</span> <span class='ocrx_word' id='word_1_279' title='bbox 892 4272 1046 4343; x_wconf 92' lang='lat' dir='ltr'>quod</span> <span class='ocrx_word' id='word_1_280' title='bbox 1083 4272 1158 4326; x_wconf 90' lang='lat' dir='ltr'>ad</span> <span class='ocrx_word' id='word_1_281' title='bbox 1196 4270 1282 4327; x_wconf 90' lang='lat' dir='ltr'>ius</span> <span class='ocrx_word' id='word_1_282' title='bbox 1319 4272 1574 4325; x_wconf 86' lang='lat' dir='ltr'>naturale</span> <span class='ocrx_word' id='word_1_283' title='bbox 1612 4269 1831 4345; x_wconf 75' lang='lat' dir='ltr'>attinet,</span> <span class='ocrx_word' id='word_1_284' title='bbox 1870 4267 2069 4323; x_wconf 82' lang='lat' dir='ltr'>omne&#39;s</span> <span class='ocrx_word' id='word_1_285' title='bbox 2111 4267 2371 4322; x_wconf 89' lang='lat' dir='ltr'>homines</span> <span class='ocrx_word' id='word_1_286' title='bbox 2414 4268 2680 4338; x_wconf 89' lang='lat' dir='ltr'>aequales</span> 
     </span>
     <span class='ocr_line' id='line_1_36' title="bbox 375 4351 2680 4419; baseline -0.003 -10"><span class='ocrx_word' id='word_1_287' title='bbox 375 4356 542 4411; x_wconf 67' lang='lat' dir='ltr'>sunt!</span> <span class='ocrx_word' id='word_1_288' title='bbox 613 4355 754 4409; x_wconf 83' lang='lat' dir='ltr'>This</span> <span class='ocrx_word' id='word_1_289' title='bbox 779 4373 855 4410; x_wconf 91' lang='lat' dir='ltr'>no</span> <span class='ocrx_word' id='word_1_290' title='bbox 881 4356 1057 4410; x_wconf 91' lang='lat' dir='ltr'>doubt</span> <span class='ocrx_word' id='word_1_291' title='bbox 1091 4354 1140 4410; x_wconf 89' lang='lat' dir='ltr'>is</span> <span class='ocrx_word' id='word_1_292' title='bbox 1179 4354 1291 4409; x_wconf 90' lang='lat' dir='ltr'>due</span> <span class='ocrx_word' id='word_1_293' title='bbox 1324 4364 1383 4408; x_wconf 93' lang='lat' dir='ltr'>to</span> <span class='ocrx_word' id='word_1_294' title='bbox 1407 4353 1496 4407; x_wconf 87' lang='lat' dir='ltr'>his</span> <span class='ocrx_word' id='word_1_295' title='bbox 1523 4352 1852 4408; x_wconf 88' lang='lat' dir='ltr'>distinction</span> <span class='ocrx_word' id='word_1_296' title='bbox 1876 4352 2133 4406; x_wconf 87' lang='lat' dir='ltr'>between</span> <span class='ocrx_word' id='word_1_297' title='bbox 2169 4352 2267 4405; x_wconf 90' lang='lat' dir='ltr'>the</span> <span class='ocrx_word' id='word_1_298' title='bbox 2304 4351 2390 4405; x_wconf 89' lang='lat' dir='ltr'>ius</span> <span class='ocrx_word' id='word_1_299' title='bbox 2426 4351 2680 4419; x_wconf 89' lang='lat' dir='ltr'>gentium</span> 
     </span>
     <span class='ocr_line' id='line_1_37' title="bbox 375 4432 2680 4504; baseline -0.003 -11"><span class='ocrx_word' id='word_1_300' title='bbox 375 4439 493 4493; x_wconf 88' lang='lat' dir='ltr'>and</span> <span class='ocrx_word' id='word_1_301' title='bbox 529 4438 626 4492; x_wconf 91' lang='lat' dir='ltr'>the</span> <span class='ocrx_word' id='word_1_302' title='bbox 663 4436 750 4493; x_wconf 89' lang='lat' dir='ltr'>ius</span> <span class='ocrx_word' id='word_1_303' title='bbox 787 4439 1042 4493; x_wconf 89' lang='lat' dir='ltr'>naturale</span> <span class='ocrx_word' id='word_1_304' title='bbox 1059 4458 1076 4504; x_wconf 90' lang='lat'>;</span> <span class='ocrx_word' id='word_1_305' title='bbox 1113 4454 1209 4492; x_wconf 90' lang='lat' dir='ltr'>see</span> <span class='ocrx_word' id='word_1_306' title='bbox 1234 4454 1309 4491; x_wconf 92' lang='lat' dir='ltr'>on</span> <span class='ocrx_word' id='word_1_307' title='bbox 1337 4436 1441 4491; x_wconf 89' lang='lat' dir='ltr'>Bk.</span> <span class='ocrx_word' id='word_1_308' title='bbox 1468 4436 1504 4490; x_wconf 88' lang='lat' dir='ltr'>i.</span> <span class='ocrx_word' id='word_1_309' title='bbox 1538 4451 1580 4489; x_wconf 91' lang='lat'>1.</span> <span class='ocrx_word' id='word_1_310' title='bbox 1605 4436 1760 4504; x_wconf 88' lang='lat' dir='ltr'>4,-ib.</span> <span class='ocrx_word' id='word_1_311' title='bbox 1789 4450 1837 4488; x_wconf 88' lang='lat'>2.</span> <span class='ocrx_word' id='word_1_312' title='bbox 1863 4452 1946 4504; x_wconf 88' lang='lat' dir='ltr'>pr.</span> <span class='ocrx_word' id='word_1_313' title='bbox 1973 4450 2123 4503; x_wconf 88' lang='lat' dir='ltr'>supr.</span> <span class='ocrx_word' id='word_1_314' title='bbox 2195 4432 2522 4503; x_wconf 89' lang='lat' dir='ltr'>Justinian&#39;s</span> <span class='ocrx_word' id='word_1_315' title='bbox 2554 4448 2680 4486; x_wconf 88' lang='lat' dir='ltr'>own</span> 
     </span>
     <span class='ocr_line' id='line_1_38' title="bbox 374 4516 2449 4590; baseline -0.004 -13"><span class='ocrx_word' id='word_1_316' title='bbox 374 4520 730 4581; x_wconf 77' lang='lat' dir='ltr'>enactments</span> <span class='ocrx_word' id='word_1_317' title='bbox 754 4521 1004 4578; x_wconf 83' lang='lat' dir='ltr'>referred</span> <span class='ocrx_word' id='word_1_318' title='bbox 1027 4531 1086 4578; x_wconf 92' lang='lat' dir='ltr'>to</span> <span class='ocrx_word' id='word_1_319' title='bbox 1112 4520 1170 4576; x_wconf 88' lang='lat' dir='ltr'>in</span> <span class='ocrx_word' id='word_1_320' title='bbox 1195 4520 1308 4577; x_wconf 91' lang='lat' dir='ltr'>this</span> <span class='ocrx_word' id='word_1_321' title='bbox 1335 4518 1551 4577; x_wconf 86' lang='lat' dir='ltr'>section</span> <span class='ocrx_word' id='word_1_322' title='bbox 1577 4536 1675 4575; x_wconf 88' lang='lat' dir='ltr'>are</span> <span class='ocrx_word' id='word_1_323' title='bbox 1700 4517 1759 4575; x_wconf 86' lang='lat' dir='ltr'>in</span> <span class='ocrx_word' id='word_1_324' title='bbox 1788 4518 1929 4576; x_wconf 91' lang='lat' dir='ltr'>Cod.</span> <span class='ocrx_word' id='word_1_325' title='bbox 1956 4516 2004 4574; x_wconf 91' lang='lat'>6.</span> <span class='ocrx_word' id='word_1_326' title='bbox 2031 4528 2113 4590; x_wconf 82' lang='grc'>57.</span> <span class='ocrx_word' id='word_1_327' title='bbox 2134 4516 2205 4585; x_wconf 89' lang='grc'>6;</span> <span class='ocrx_word' id='word_1_328' title='bbox 2243 4516 2292 4571; x_wconf 92' lang='grc'>6.</span> <span class='ocrx_word' id='word_1_329' title='bbox 2321 4528 2369 4582; x_wconf 92' lang='grc'>4.</span> <span class='ocrx_word' id='word_1_330' title='bbox 2397 4526 2449 4582; x_wconf 90' lang='lat'>4.</span> 
     </span>
    </p>
   </div>
  </div>
 </body>
</html>
