3230 5116
310 441 414 488 Tit,
437 434 511 499 ⁶,]
1110 433 1233 488 DE
1274 433 1327 488 Α
1340 431 1808 490 CTJONJBUS.
2481 443 2612 512 529

406 599 725 665 Omnium
772 600 1126 677 actionum,
1158 601 1396 684 quibus
1430 601 1601 667 inter
1629 601 1886 685 aliquos
1926 603 2102 684 apud
2144 602 2394 667 iudices
2435 603 2608 666 arbi-
2639 617 2666 668 1

312 714 533 768 trosve
578 706 664 769 de
704 726 971 788 quaque
1000 726 1069 769 re
1112 705 1467 788 quaeritur,
1498 726 1760 771 summa
1800 707 2033 770 divisio
2077 708 2146 769 in
2193 709 2326 772 duo
2365 727 2611 789 genera

313 809 697 873 deducitur:
741 819 856 873 aut
892 811 1068 873 enim
1116 811 1180 872 in
1220 829 1361 872 rem
1405 820 1561 873 sunt
1604 821 1723 874 aut
1767 810 1834 874 in
1877 831 2248 892 personam.
2323 831 2611 892 namque

310 912 453 994 agit
486 913 931 995 unusquisque
961 921 1077 977 aut
1119 933 1269 978 cum
1308 934 1407 989 e0,
1440 915 1551 994 qui
1591 915 1651 977 ei
1687 912 2020 996 obligatus
2055 923 2156 978 est
2185 912 2292 979 vel
2324 935 2411 976 ex
2453 933 2610 978 con·-

315 1025 529 1080 tractu
576 1017 681 1080 vel
741 1039 831 1082 ex
883 1017 1227 1093 maleficio,
1270 1039 1404 1101 quo
1452 1039 1605 1082 casu
1661 1019 1965 1102 proditae
2010 1019 2305 1082 actiones
2349 1019 2415 1082 in
2463 1038 2612 1100 per-

288 1139 549 1202 sonam
595 1130 766 1200 sunt,
812 1142 930 1205 per
960 1143 1125 1204 quas
1171 1122 1454 1186 intendit
1499 1123 1946 1186 adversarium
1993 1122 2052 1186 ei
2098 1124 2258 1186 dare
2301 1133 2417 1186 aut
2453 1122 2613 1185 dare

312 1224 528 1287 facere
572 1236 877 1306 oportere
928 1237 997 1291 et
1048 1224 1193 1290 aliis
1237 1227 1629 1310 quibusdam
1680 1227 1931 1290 modis:
1979 1237 2095 1291 aut
2132 1247 2283 1291 cum
2329 1248 2409 1290 eo
2449 1226 2610 1308 agit,

312 1329 428 1410 qui
459 1328 639 1392 nullo
677 1329 813 1394 iure
855 1331 914 1395 ei
960 1330 1293 1412 obligatus
1340 1340 1458 1405 est,
1503 1340 1726 1394 movet
1763 1339 1987 1395 tamen
2033 1331 2226 1394 alicui
2264 1332 2348 1395 de
2389 1329 2613 1411 aliqua

312 1454 385 1496 re
445 1435 976 1499 controversiam.
1050 1456 1183 1517 quo
1237 1454 1393 1499 casu
1444 1436 1748 1516 proditae
1789 1436 2086 1499 actiones
2130 1437 2196 1498 in
2253 1455 2390 1497 rem
2441 1443 2608 1496 sunt.

312 1535 517 1601 veluti
570 1540 623 1602 si
676 1559 813 1602 rem
867 1540 1277 1621 corporalem
1326 1538 1662 1621 possideat
1707 1539 1872 1621 quiS,
1916 1559 2116 1621 quam
2160 1539 2376 1602 Titius
2421 1558 2611 1601 suam

316 1663 463 1704 esse
510 1643 810 1721 affirmet,
864 1654 931 1708 et
984 1665 1323 1726 possessor
1374 1644 1718 1707 dominu-m
1779 1664 1850 1708 se
1899 1665 2046 1707 esse
2090 1643 2309 1706 dicat:
2357 1663 2511 1706 nam
2557 1642 2612 1704 si

318 1745 535 1808 Titius
580 1767 767 1810 suam
814 1767 960 1810 esse
1003 1747 1325 1824 intendat,
1359 1746 1423 1809 in
1460 1768 1605 1810 rem
1651 1746 1828 1810 actio
1872 1757 1990 1810 est.
2079 1746 2320 1830 Aeque
2355 1746 2410 1810 si
2455 1755 2613 1828 agat
2639 1757 2673 1811 2

319 1848 421 1912 ius
466 1848 589 1913 sibi
637 1869 781 1913 esse
826 1849 1030 1914 fundo
1076 1851 1247 1915 sorte
1292 1850 1399 1914 vel
1450 1850 1724 1914 aedibus
1767 1849 1995 1915 utendi
2043 1849 2297 1914 fruendi
2338 1849 2445 1913 vel
2496 1870 2614 1932 per

318 1951 597 2015 fundum
622 1953 814 2032 vicini
847 1953 1042 2017 eundi
1074 1955 1315 2036 agendi
1337 1954 1443 2016 vel
1469 1975 1557 2017 ex
1580 1953 1788 2016 fundo
1810 1953 2003 2016 vicini
2035 1973 2278 2035 aquam
2310 1953 2616 2026 ducendi,

313 2057 386 2118 in
420 2077 557 2119 rem
589 2059 764 2121 actio
796 2069 914 2122 est.
974 2060 1270 2123 eiusdem
1296 2059 1553 2142 generis
1584 2068 1686 2120 est
1716 2057 1888 2120 actio
1910 2058 1998 2120 de
2029 2058 2165 2120 iure
2196 2058 2616 2138 praediorum

320 2161 737 2239 urbanorum,
772 2162 976 2225 veluti
1023 2163 1077 2225 si
1122 2172 1280 2245 agat
1326 2163 1426 2225 ius
1472 2161 1595 2225 sibi
1644 2167 1787 2224 esse
1827 2160 2024 2224 altius
2069 2162 2266 2224 aedes
2304 2181 2456 2224 suas
2489 2160 2618 2225 tol-

320 2262 499 2327 lendi
545 2265 1066 2347 prospiciendive
1107 2265 1213 2329 vel
1254 2265 1614 2348 proiciendi
1656 2264 1908 2346 aliquid
1949 2265 2056 2328 vel
2101 2264 2505 2328 immittendi
2550 2265 2617 2328 in

319 2368 515 2431 vicini
546 2369 763 2432 aedes,
838 2379 1067 2434 contra
1113 2391 1377 2452 quoque
1424 2372 1509 2435 de
1548 2389 1669 2433 usu
1703 2368 1914 2433 fructu
1961 2378 2030 2433 et
2071 2369 2158 2434 de
2197 2368 2618 2434 servitutibus

320 2472 741 2553 praediorum
784 2476 1191 2550 rusticorum,
1236 2474 1397 2537 item
1438 2473 1856 2556 praediorum
1904 2473 2302 2536 urbanorum
2339 2473 2618 2536 invicem

264 2557 271 2567 ⁸
320 2597 585 2659 quoque
627 2580 931 2660 proditae
972 2589 1124 2644 sunt
1162 2579 1472 2657 actioneS‚
1511 2590 1585 2643 ut
1625 2579 1771 2660 quis
1816 2579 2116 2642 intendat
2161 2580 2261 2641 ius
2302 2598 2434 2641 non
2474 2598 2616 2643 esse

324 2682 699 2747 adversario
732 2684 961 2747 utendi
993 2684 1267 2763 fruendi,
1292 2684 1487 2761 eundi
1516 2684 1758 2766 agendi
1781 2703 2106 2765 aquamve
2129 2683 2434 2760 ducendi,
2457 2682 2618 2747 item

324 2783 520 2848 altius
553 2787 825 2850 tollendi
847 2787 1286 2871 prospici-endi
1306 2787 1666 2869 proiciendi
1685 2786 2120 2851 immittendi:
2167 2786 2333 2853 istae
2355 2805 2620 2868 quoque

324 2888 619 2952 actiones
670 2890 737 2952 in
782 2910 921 2953 rem
968 2900 1139 2968 sunt,
1171 2891 1287 2954 sed
1328 2891 1690 2972 negativae.
1763 2890 1944 2971 quod
1979 2910 2186 2971 genus
2231 2888 2506 2952 aetionis
2553 2889 2620 2950 in

322 2994 782 3058 controversiis
815 3014 1029 3057 rerum
1054 2996 1488 3077 corporalium
1514 2994 1850 3076 proditum
1884 3013 2015 3056 non
2047 3003 2182 3057 est:
2232 3012 2387 3055 nam
2421 2992 2486 3053 in
2516 2990 2620 3053 his

325 3094 379 3157 is
424 3097 563 3179 agit
606 3098 726 3179 qu'i·
768 3118 898 3161 non
943 3099 1276 3179 possidet:
1337 3099 1397 3161 ei
1426 3118 1583 3161 vero
1629 3097 1740 3179 qui
1783 3096 2081 3179 possidet
2124 3115 2255 3158 non
2302 3106 2403 3160 est
2447 3094 2621 3159 actio

325 3200 605 3281 prodita,
639 3221 759 3282 per
785 3221 984 3282 quam
1017 3210 1216 3283 neget
1255 3222 1394 3265 rem
1438 3202 1679 3265 actoris
1720 3220 1884 3263 esse.
1959 3219 2119 3263 sane
2160 3220 2293 3263 uno
2323 3219 2478 3263 casu
2510 3198 2621 3280 qui

324 3303 620 3385 possidet
650 3304 856 3368 nihilo
888 3305 1107 3368 minus
1136 3305 1375 3369 actoris
1405 3313 1629 3387 partes
1665 3303 1944 3385 optinet,
1977 3303 2145 3367 sicut
2185 3303 2252 3365 in
2282 3301 2624 3366 latioribus

395 3489 425 3555 §
454 3492 501 3543 1.
541 3491 665 3545 The
692 3489 1018 3545 distinction
1038 3491 1104 3545 of
1120 3490 1339 3545 actions
1360 3490 1479 3546 into
1503 3492 1619 3546 real
1646 3490 1765 3545 and
1786 3490 2048 3560 personal
2075 3489 2122 3543 is
2147 3490 2326 3545 based
2352 3488 2408 3543 in
2442 3487 2624 3556 origin

325 3590 399 3626 on
426 3573 728 3629 difference
754 3574 819 3628 of
847 3574 1087 3629 formula
1114 3576 1424 3643 (Excursus
1454 3575 1510 3628 X
1536 3574 1674 3644 int),
1702 3584 1760 3629 to
1786 3573 1968 3628 which
2006 3573 2166 3628 there
2201 3572 2250 3627 is
2286 3590 2361 3627 an
2385 3571 2624 3627 obvious

324 3657 609 3712 reference
634 3657 691 3711 in
718 3656 1047 3728 Justinian's
1072 3657 1255 3712 words
1284 3657 1561 3713 ‘intendit
1588 3698 1599 3713 .
1630 3697 1644 3712 .
1664 3699 1679 3712 .
1707 3658 1845 3713 dare
1881 3658 2066 3711 facere
2103 3657 2397 3725 oportere,’
2422 3655 2437 3684 ‘
2458 3654 2623 3724 (rem)

325 3756 486 3795 suam
524 3758 650 3797 esse
688 3740 979 3811 intendat,'
1003 3741 1204 3807 which,
1230 3742 1507 3810 however,
1534 3742 1680 3797 have
1719 3758 1794 3796 no
1825 3740 2114 3796 technical
2150 3739 2420 3809 meaning
2443 3740 2500 3795 in
2527 3742 2624 3796 the

324 3834 458 3892 text,
482 3824 585 3879 but
622 3826 834 3894 merely
858 3825 1115 3881 describe
1153 3826 1210 3879 in
1246 3827 1477 3895 general
1512 3836 1686 3880 terms
1725 3826 1822 3879 the
1857 3823 2144 3895 plaintifi’s
2180 3824 2526 3892 contention,
2561 3840 2625 3878 as

326 3907 632 3975 expressed
667 3907 723 3961 in
762 3908 858 3962 the
883 3907 1103 3963 libellus
1129 3908 1537 3977 conventioniS,
1563 3926 1629 3963 or
1653 3907 1772 3964 writ
1798 3908 1864 3962 os
1892 3922 2185 3962 summons
2219 3906 2297 3977 by
2319 3906 2503 3961 which
2529 3907 2626 3961 the

326 3987 515 4042 action
541 4006 655 4043 was
682 3990 1073 4046 commenced.
1151 3991 1331 4045 Other
1357 3990 1709 4055 differenceS,
1734 4009 1786 4045 e.
1801 4008 1856 4060 g.
1885 3990 1943 4045 in
1968 3990 2296 4060 procedure,
2315 3989 2429 4045 and
2450 3989 2506 4043 in
2528 3990 2626 4045 the

326 4080 525 4126 nature
551 4072 616 4125 of
642 4072 740 4127 the
774 4072 1019 4141 security
1044 4084 1103 4127 to
1131 4074 1204 4127 be
1240 4074 1405 4142 given
1444 4073 1523 4142 by
1541 4075 1642 4129 the
1668 4074 1878 4143 parties
1906 4074 2038 4143 (Tit.
2072 4089 2094 4127 1
2111 4089 2138 4127 ι·
2161 4071 2298 4142 infi),
2326 4074 2471 4129 have
2495 4089 2622 4127 now

329 4153 721 4223 disappeared,
748 4155 863 4210 and
888 4173 922 4209 a
948 4156 1063 4210 real
1089 4155 1280 4210 differs
1304 4157 1451 4210 from
1476 4174 1512 4210 a
1546 4158 1813 4226 personal
1837 4157 2024 4211 action
2051 4158 2184 4225 only
2218 4156 2278 4210 in
2301 4158 2400 4211 the
2425 4165 2625 4211 nature

329 4236 394 4290 of
410 4238 507 4292 the
530 4236 679 4307 right
704 4238 791 4291 for
814 4239 1003 4293 whose
1028 4237 1345 4309 protection
1371 4238 1411 4293 it
1440 4238 1487 4292 is
1512 4240 1757 4309 brought
1781 4260 1792 4295 :
1829 4240 1928 4294 the
1947 4239 2268 4309 opposition
2295 4238 2342 4294 is
2367 4238 2626 4294 material

328 4322 478 4389 only,
502 4332 605 4375 not
630 4322 845 4376 formal.
921 4323 974 4377 It
1001 4321 1109 4376 will
1136 4322 1208 4375 be
1234 4322 1408 4376 found
1434 4322 1556 4377 that
1582 4322 1642 4376 in
1672 4321 1699 4392 ξ
1723 4338 1796 4376 20
1818 4322 1916 4378 inf.
1939 4321 2222 4391 Justinian
2249 4322 2562 4391 interposes
2588 4339 2624 4376 a

327 4397 479 4454 third
516 4400 998 4465 class—actiones
1026 4400 1565 4457 mixtae—between
1603 4402 1823 4457 actions
1848 4399 2031 4457 which
2057 4418 2154 4455 are
2177 4402 2295 4456 real
2321 4400 2436 4454 and
2461 4400 2624 4455 those

329 4482 513 4538 which
535 4500 632 4539 are
657 4485 937 4554 personal.

400 4565 516 4641 §a
556 4569 670 4623 For
708 4568 804 4625 the
844 4567 1023 4639 rights
1060 4578 1121 4625 to
1161 4567 1341 4625 which
1374 4568 1473 4623 the
1508 4568 1788 4627 remedies
1826 4567 2125 4625 described
2163 4566 2222 4623 in
2259 4565 2371 4624 this
2409 4565 2626 4623 section

1395 4669 1455 4725 M
1486 4675 1555 4723 m
