3230 5116
273 451 376 501 em,
400 444 502 513 15·]
1063 444 1186 499 DE
1229 443 1797 503 JNTERDJCTJS.
2451 453 2581 525 595

271 611 533 696 pignori
594 610 846 676 futuras
904 609 1284 695 pepigisset.
1405 610 1825 677 Retinendae
1891 614 2321 696 possessionis
2381 635 2579 681 causa
2604 631 2641 685 4

273 726 660 800 comparata
709 724 862 780 sunt
921 715 1270 779 interdicta
1323 715 1419 778 uti
1471 716 1827 798 possidetis
1876 727 1945 782 et
1998 719 2234 797 utrubi,
2288 740 2439 783 curn
2491 719 2578 783 ab

273 832 556 905 utraque
603 828 790 905 parte
836 821 923 884 de
969 819 1368 901 proprietate
1417 818 1689 883 alicuius
1738 820 1829 885 rei
1881 824 2327 888 controversia
2379 824 2466 888 sit
2509 834 2578 888 et

274 934 432 990 ante
477 924 826 1008 quaeritur,
864 931 1015 987 uter
1058 944 1147 987 ex
1192 922 1638 1005 litigatoribus
1681 924 2019 1007 possidere
2057 937 2124 991 et
2170 936 2315 991 uter
2352 936 2577 1010 petere

274 1029 541 1093 debeat.
651 1048 939 1110 namque
985 1026 1108 1090 nisi
1153 1035 1310 1090 ante
1356 1026 1781 1109 exploratum
1832 1027 2043 1109 fuerit,
2088 1032 2297 1095 utrius
2349 1052 2577 1096 eorum

275 1132 606 1215 possessio
637 1132 740 1210 sit,
773 1152 904 1195 non
947 1139 1170 1212 potest
1209 1129 1518 1212 petitoria
1556 1133 1732 1196 actio
1772 1132 2042 1213 institui,
2073 1134 2229 1219 quia
2270 1144 2339 1199 et
2373 1134 2577 1199 civilis

275 1246 346 1300 et
392 1237 704 1301 naturalis
741 1236 908 1299 ratio
949 1234 1124 1313 facit,
1169 1242 1243 1299 ut
1286 1234 1452 1298 alius
1501 1235 1859 1318 possideat,
1906 1237 2073 1301 alius
2112 1259 2153 1302 a
2197 1238 2601 1322 possidente·

272 1349 479 1423 petat.
570 1350 639 1405 et
681 1341 836 1424 quia
882 1339 1082 1423 longe
1126 1338 1543 1403 commodius
1585 1349 1689 1402 est
1732 1340 2068 1423 possidere
2110 1342 2333 1425 potius
2375 1362 2577 1425 quam

273 1454 518 1527 petere,
551 1444 702 1508 ideo
730 1443 1120 1527 plerumque
1150 1451 1216 1506 et
1247 1442 1382 1505 sere
1418 1462 1682 1525 semper
1710 1443 1942 1526 ingens
1974 1445 2205 1510 existit
2240 1447 2579 1511 contentio

274 1549 364 1612 de
395 1550 536 1631 ipsa
567 1548 996 1631 possessione.
1087 1546 1510 1611 commodum
1557 1555 1784 1610 autem
1824 1548 2203 1630 possidendi
2244 1548 2311 1612 in
2345 1570 2425 1614 eo
2456 1560 2577 1623 est,

275 1652 478 1734 quod,
528 1652 786 1715 etiamsi
846 1652 986 1715 eius
1034 1670 1137 1714 res
1189 1670 1319 1713 non
1369 1650 1454 1715 sit
1502 1652 1617 1732 qui
1669 1652 1981 1734 possidet,
2031 1652 2085 1716 si
2140 1654 2342 1717 modo
2394 1664 2580 1717 actor

278 1775 412 1819 non
447 1756 738 1838 potuerit
773 1774 962 1818 suam
1004 1774 1150 1817 esse
1189 1752 1486 1835 probare,
1529 1763 1828 1819 remanet
1867 1775 1987 1818 suo
2017 1755 2164 1820 loco
2209 1758 2577 1839 possessio:

277 1868 551 1942 propter
578 1879 778 1941 quam
820 1878 1104 1936 causam,
1147 1876 1298 1921 cum
1343 1858 1622 1920 obscura
1666 1858 1799 1920 sint
1844 1858 2182 1941 utriusque
2223 1860 2384 1935 iura,
2423 1880 2579 1924 con-

278 1973 382 2026 tra
425 1963 778 2045 petitorem
821 1962 1090 2026 iudicari
1131 1960 1322 2025 solet.
1414 1959 1550 2025 Sed
1593 1962 1943 2025 interdicto
1983 1964 2251 2044 quidem
2298 1966 2393 2027 uti
2425 1984 2578 2047 pos-

277 2066 508 2130 sidetis
557 2067 644 2130 de
693 2065 879 2129 fundi
926 2064 1033 2129 vel
1083 2065 1350 2129 aedium
1399 2064 1817 2145 possessione
1868 2066 2307 2143 contenditur,
2358 2067 2579 2130 utrubi

277 2190 433 2233 vero
493 2170 843 2234 interdicto
901 2170 986 2233 de
1046 2188 1262 2232 rerum
1334 2168 1678 2232 mobilium
1749 2168 2180 2251 possessione.
2298 2190 2578 2252 quorum

277 2274 376 2337 vis
422 2282 490 2337 et
535 2283 830 2357 potestas
874 2273 1226 2356 plurimam
1272 2273 1444 2336 inter
1489 2293 1560 2335 se
1607 2272 2048 2336 differentiam
2093 2273 2273 2355 apud
2324 2284 2581 2338 veteres

277 2378 611 2444 habebat:
664 2398 818 2441 nam
873 2378 967 2443 uti
1027 2376 1380 2460 possidetis
1440 2375 1791 2441 interdicto
1844 2378 1899 2440 is
1946 2376 2268 2455 vincebat,
2317 2377 2432 2460 qui
2486 2378 2585 2440 in-

278 2482 538 2547 terdicti
587 2492 886 2566 tempore
933 2481 1336 2566 possidebat,
1391 2480 1446 2543 si
1503 2479 1705 2544 modo
1757 2500 1877 2543 nec
1936 2480 1999 2543 vi
2061 2500 2182 2544 nec
2236 2481 2407 2545 clam
2461 2501 2581 2544 nec

277 2587 571 2669 precario
621 2597 900 2652 nanctus
952 2586 1162 2650 suerat
1209 2585 1296 2649 ab
1341 2584 1715 2649 adversario
1765 2585 2267 2669 possessionem,
2321 2585 2582 2650 etiamsi

278 2691 481 2753 alium
522 2691 587 2754 vi
630 2690 960 2773 expulerit
999 2698 1117 2754 aut
1153 2688 1324 2754 clam
1366 2689 1727 2771 abripuerit
1770 2688 2055 2752 alienam
2096 2689 2580 2770 possessionem

279 2802 395 2857 aut
454 2796 750 2875 precario
808 2803 1156 2876 rogaverat
1225 2792 1532 2874 aliquem,
1593 2801 1669 2856 ut
1731 2791 1855 2855 sibi
1915 2791 2256 2874 possidere
2316 2791 2580 2856 lIceret:

279 2896 501 2960 utrubi
544 2917 702 2960 vero
743 2896 1092 2961 interdicto
1139 2895 1195 2961 is
1229 2896 1549 2974 vincebat,
1582 2895 1694 2978 qui
1734 2896 1979 2960 maiore
2018 2905 2207 2977 parte
2248 2896 2386 2960 eius
2427 2897 2582 2959 anni

283 3019 404 3064 nec
435 3000 498 3063 vi
530 3020 651 3065 nec
681 2999 851 3064 clam
886 3019 1006 3064 nec
1039 3000 1333 3082 precario
1363 2999 1448 3062 ab
1477 2998 1852 3063 adversario
1892 2998 2295 3081 possidebat.
2384 2998 2585 3062 hodie

279 3112 506 3167 tamen
565 3104 759 3168 aliter
815 3105 1234 3168 observatur:
1283 3123 1438 3167 nam
1498 3103 1837 3186 utriusque
1897 3102 2225 3166 interdicti
2288 3110 2585 3184 potestas

283 3216 606 3288 quantum
664 3208 752 3271 ad
799 3207 1298 3291 'possessionem
1333 3207 1646 3290 ,pertinet
1705 3215 2081 3288 exaequata
2158 3215 2280 3282 est,
2339 3213 2413 3270 ut
2472 3205 2585 3269 ille

281 3311 500 3374 vincat
546 3320 614 3374 et
659 3312 724 3374 in
770 3332 841 3375 re
885 3312 1006 3376 soli
1053 3321 1119 3376 et
1165 3312 1232 3375 in
1274 3333 1346 3374 re
1391 3310 1638 3389 mobili,
1670 3309 1781 3392 qui
1826 3310 2309 3394 possessionem
2357 3329 2475 3373 nec
2519 3311 2585 3372 vi

283 3434 401 3478 nec
443 3414 614 3479 clam
657 3435 778 3479 nec
824 3415 1119 3498 precario
1157 3415 1245 3479 ab
1287 3413 1661 3479 adversario
1708 3412 1842 3478 litis
1882 3413 2378 3478 contestationis
2414 3421 2583 3477 tem-

282 3659 508 3713 κολωνοῦ
543 3662 819 3730 πράγματα
856 3656 1182 3727 κινηθήσεται
1216 3658 1276 3710 τὸ
1300 3657 1639 3720 Σαλβιάνειον
1662 3655 1973 3726 ῖντέρδικτον
2015 3655 2273 3726 Theoph.
2299 3673 2313 3724 ;
2349 3655 2418 3710 cf.
2450 3655 2583 3724 Dig.

281 3756 365 3809 43.
393 3756 480 3811 33.
512 3757 533 3796 1
566 3742 604 3811 (‘
620 3753 677 3799 et
701 3742 974 3798 adversus
1011 3751 1309 3796 extraneos
1335 3780 1349 3795 .
1379 3779 1394 3794 .
1419 3781 1432 3794 .
1462 3738 1583 3794 dari
1624 3738 1855 3794 debebit
1871 3738 1906 3807 ’)
1933 3757 1947 3794 z
1986 3738 2201 3810 though
2230 3739 2370 3794 Cod.
2396 3739 2446 3795 8.
2473 3753 2524 3808 9.
2557 3754 2580 3793 1

284 3825 330 3878 is
379 3824 874 3881 irreconcileable:
913 3811 1062 3879 ‘non
1107 3823 1408 3879 interdicto
1444 3821 1731 3893 Salviano,
1766 3821 1826 3876 id
1862 3822 2016 3879 enim
2052 3821 2448 3879 tantummodo
2484 3821 2585 3876 ad-

284 3924 476 3962 versus
502 3909 904 3964 conductorem
930 3908 1316 3964 debitoremve
1342 3907 1649 3978 competit.³

353 3990 537 4046 Other
559 3992 846 4060 examples
872 3991 936 4044 of
953 3990 1244 4046 interdicts
1269 3989 1676 4060 adipiscendae
1700 3986 2080 4059 possessionis
2106 3987 2273 4059 given
2300 3989 2377 4058 by
2403 3986 2583 4043 Gaius

288 4072 378 4141 (iv.
411 4071 602 4141 145-6)
629 4090 725 4128 are
761 4074 926 4128 those
963 4073 1145 4128 called
1180 4072 1594 4142 possessorium
1632 4072 1748 4127 and
1786 4072 2109 4140 sectorium,
2133 4073 2231 4126 the
2266 4072 2385 4126 first
2413 4070 2586 4140 being

286 4157 381 4211 the
419 4156 654 4225 remedy
689 4156 754 4210 os
785 4158 882 4212 the
923 4156 1148 4226 highest
1185 4155 1389 4211 bidder
1424 4155 1483 4210 in
1523 4157 1621 4211 the
1658 4155 2016 4225 bankruptcy
2052 4156 2365 4225 procedure
2402 4153 2586 4209 called

286 4240 563 4294 bonorum
587 4238 856 4307 venditio,
877 4255 930 4311 p.
959 4252 1061 4309 375
1089 4255 1257 4310 supr„
1283 4240 1380 4294 the
1405 4239 1622 4295 second
1638 4239 1761 4295 that
1786 4238 1851 4293 os
1868 4241 1966 4294 the
1991 4249 2177 4294 sector
2202 4255 2266 4293 or
2279 4239 2587 4308 purchaser

287 4333 344 4378 at
368 4340 403 4377 a
429 4332 576 4378 state
602 4322 848 4377 auction.

267 4400 274 4408 ”
357 4404 386 4474 ξ
425 4409 484 4462 4.
529 4405 812 4477 Opinions
855 4407 1004 4461 have
1045 4405 1282 4461 differed
1324 4422 1459 4475 very
1503 4406 1673 4460 much
1715 4420 1779 4459 as
1822 4415 1882 4459 to
1922 4406 2020 4460 the
2059 4414 2183 4460 true
2226 4414 2427 4458 nature
2469 4403 2585 4457 and

287 4505 528 4562 purpose
571 4488 636 4544 of
665 4490 761 4545 the
799 4488 1093 4544 interdicts
1135 4487 1215 4543 uti
1263 4488 1568 4558 possidetis
1601 4488 1718 4542 and
1747 4487 1955 4543 utrubi.
2031 4490 2083 4543 It
2111 4487 2217 4542 will
2253 4488 2399 4542 have
2437 4487 2583 4540 been

287 4573 519 4630 obvious
545 4575 689 4629 from
715 4575 811 4632 the
836 4583 1078 4630 account
1102 4573 1270 4645 given
1291 4573 1356 4627 of
1372 4573 1530 4627 them
1555 4571 1612 4628 in
1640 4590 1675 4628 a
1699 4571 2006 4643 preceding
2024 4582 2157 4626 note
2183 4587 2257 4626 on
2282 4569 2395 4626 this
2416 4569 2582 4639 Title,

1329 4673 1525 4746 qu
