3230 5116
427 340 530 391 -1-52,
551 332 653 405 15·]
1240 334 1362 389 DE
1404 334 1971 396 [Νη-πωπω.
2603 345 2732 413 597

425 500 529 579 sit,
577 498 731 564 licet
775 496 831 563 is
877 496 1015 563 eius
1060 497 1181 562 iuri
1226 499 1559 564 subiectus
1607 521 1740 565 non
1787 503 1890 579 sit,
1939 502 2151 584 qualis
2195 511 2298 568 est
2345 501 2618 568 colonus
2663 512 2772 569 et·

428 604 819 686 inquilinus:
868 622 987 686 per
1034 622 1148 667 eos
1200 624 1488 686 quoque,
1538 607 1715 687 apud
1771 626 1938 688 quos
1987 607 2368 689 deposuerit
2419 607 2567 690 quis
2615 618 2733 672 aut

427 709 667 790 quibus
727 707 1267 783 commodaverit,
1325 708 1467 790 ipse
1536 708 1876 792 possidere
1933 712 2228 774 videtur:
2291 721 2362 775 et
2419 711 2547 775 hoc
2611 723 2729 788 est,

426 813 606 894 quod
650 812 888 875 dicitur
924 813 1203 876 retinere
1248 813 1729 893 possessionem
1776 834 1972 896 posse
2012 814 2305 896 aliquem
2351 834 2469 897 per
2499 836 2732 897 quem·-

424 915 608 994 libet,
635 915 751 999 qui
798 917 938 979 eius
982 916 1251 979 nomine
1295 917 1380 979 sit
1428 916 1492 979 in
1539 920 1973 999 possessione.
2063 918 2221 1000 quin
2265 917 2466 982 etiam
2509 919 2732 982 animo

426 1040 691 1103 quoque
722 1019 981 1083 retineri
1024 1021 1507 1103 possessionem
1556 1021 1792 1103 placet,
1826 1022 1891 1083 id
1935 1029 2035 1086 est
2067 1030 2157 1101 ut,
2188 1022 2487 1105 quamvis
2519 1043 2732 1105 neque

426 1124 568 1205 ipse
600 1125 685 1186 sit
716 1124 781 1185 in
813 1123 1225 1205 possessione
1264 1144 1479 1207 neque
1522 1126 1663 1188 eius
1703 1126 1968 1189 nomine
2008 1125 2193 1201 alius,
2224 1133 2453 1190 tamen
2504 1127 2556 1189 si
2599 1146 2732 1189 non

428 1227 893 1310 relinquendae
937 1228 1369 1310 possessionis
1415 1229 1657 1308 anim0,
1706 1231 1822 1293 sed
1879 1239 2113 1313 postea
2159 1249 2528 1293 reversurus
2578 1230 2731 1293 inde

426 1332 811 1411 discesserit,
854 1332 1133 1395 retinere
1176 1333 1659 1415 possessionem
1701 1334 1978 1399 videtur.
2071 1333 2346 1416 adipisci
2385 1352 2542 1396 vero
2578 1354 2730 1415 pos-

424 1436 782 1499 sessionem
830 1454 948 1518 per
983 1455 1150 1519 quos
1190 1435 1427 1519 aliquis
1464 1446 1707 1521 potest,
1741 1438 2032 1501 secundo
2075 1438 2242 1500 libro
2276 1437 2728 1519 exposuimus

425 1558 545 1603 nec
578 1538 712 1602 ulla
741 1539 1071 1603 dubitatio
1112 1549 1229 1618 est,
1276 1541 1433 1622 quin
1481 1542 1706 1604 animo
1753 1542 1894 1605 solo
1937 1543 2420 1625 possessionem
2453 1538 2728 1623 adipisci

426 1662 626 1707 nemo
656 1649 898 1724 potest.
991 1641 1494 1726 Reciperandae
1516 1646 1949 1727 possessionis
1980 1666 2178 1709 causa
2207 1644 2375 1709 solet
2407 1643 2728 1720 interdici,
2754 1652 2790 1707 6

424 1748 477 1810 si
529 1747 678 1830 quis
731 1766 819 1809 ex
865 1746 1281 1828 possessione
1327 1747 1512 1811 fundi
1562 1748 1668 1811 vel
1721 1749 1982 1812 aedium
2033 1750 2096 1813 vi
2149 1749 2445 1812 deiectus
2495 1747 2728 1811 fuerit:

425 1870 577 1913 nam
610 1851 671 1913 ei
704 1851 1091 1933 proponitur
1122 1850 1544 1916 interdictum
1578 1854 1756 1916 unde
1786 1854 1868 1928 vi,
1904 1873 2021 1935 per
2049 1853 2226 1936 quod
2261 1854 2314 1915 is
2347 1852 2458 1934 qui
2489 1851 2730 1915 deiecit

424 1955 682 2037 cogitur
712 1954 769 2017 ei
804 1953 1143 2018 restituere
1175 1955 1680 2038 possessionem,
1710 1955 1867 2020 licet
1908 1956 1964 2019 is
1999 1956 2086 2020 ab
2129 1977 2208 2019 eo
2244 1954 2357 2040 qui
2387 1954 2451 2018 vi
2489 1954 2730 2018 deiecit

420 2060 485 2121 vi
532 2057 636 2122 vel
681 2058 851 2122 clam
902 2058 1007 2122 vel
1060 2060 1350 2141 precario
1396 2060 1802 2141 possidebat.
1907 2059 2023 2124 sed
2086 2081 2173 2123 ex
2233 2058 2433 2123 sacris
2487 2057 2730 2122 consti·

422 2162 804 2239 tutionibuS,
840 2170 913 2227 ut
943 2183 1142 2246 supra
1174 2162 1485 2239 diximus,
1524 2164 1579 2227 si
1610 2164 1758 2247 quis
1790 2184 1926 2228 rem
1971 2185 2088 2247 per
2116 2164 2251 2227 vim
2292 2160 2728 2245 occupaverit,

424 2266 478 2329 si
526 2266 794 2349 quidem
844 2266 910 2328 in
959 2267 1147 2330 bonis
1196 2269 1336 2331 eius
1380 2278 1499 2346 est,
1531 2268 1829 2333 dominio
1861 2268 2000 2332 eius
2045 2268 2349 2351 privatur,
2397 2266 2452 2329 si
2495 2266 2729 2344 aliena,

422 2380 576 2453 post
636 2371 775 2434 eius
837 2370 1321 2435 restitutionem
1386 2374 1587 2435 etiam
1645 2372 2177 2437 aestimationem
2239 2372 2328 2435 rei
2383 2370 2542 2433 dare
2592 2368 2728 2433 vim

422 2495 619 2557 passo
672 2474 1107 2557 compellitur.
1213 2476 1326 2558 qui
1387 2486 1609 2541 autem
1672 2476 1959 2560 aliquem
2015 2475 2101 2539 de
2151 2474 2562 2560 possessione
2614 2493 2732 2557 per

421 2581 554 2642 vim
583 2581 908 2657 deiecerit,
934 2589 1197 2644 tenetur
1223 2581 1373 2663 lege
1408 2581 1575 2645 Iulia
1599 2583 1684 2646 de
1715 2583 1776 2645 vi
1810 2582 2066 2665 privata
2088 2590 2203 2644 aut
2228 2581 2313 2643 de
2334 2580 2398 2642 vi
2423 2579 2726 2662 publica:

424 2683 540 2746 sed
588 2684 673 2747 de
717 2685 779 2746 vi
826 2682 1101 2767 privata,
1146 2685 1202 2748 si
1246 2686 1390 2748 sine
1434 2685 1634 2748 armis
1682 2686 1818 2748 vim
1871 2684 2114 2762 fecerit,
2159 2684 2259 2747 sin
2304 2694 2529 2747 autem
2577 2699 2727 2745 cum

422 2787 622 2850 armis
653 2806 804 2849 eum
843 2788 929 2850 de
969 2788 1379 2870 possessione
1422 2787 1770 2871 expulerit,
1802 2789 1887 2851 de
1917 2789 1979 2850 vi
2020 2785 2303 2871 publica.
2393 2803 2726 2848 armorum

424 2901 647 2954 autem
707 2890 1153 2974 appellatione
1214 2911 1346 2954 non
1406 2892 1622 2955 solum
1684 2901 1872 2954 scuta
1931 2899 1998 2954 et
2059 2889 2316 2972 gladios
2377 2898 2444 2953 et
2502 2887 2728 2970 galeas

428 3147 517 3200 111
548 3163 699 3217 supr.
773 3148 897 3201 The
935 3143 1219 3216 following
1258 3157 1404 3202 texts
1444 3145 1552 3199 will
1590 3146 1723 3215 help
1762 3155 1821 3200 to
1862 3145 2143 3201 elucidate
2185 3145 2282 3200 the
2330 3153 2558 3215 present
2595 3160 2727 3215 pas-

422 3235 597 3287 sage:

496 3301 630 3371 Dig.
656 3316 743 3368 41.
772 3316 818 3356 2.
847 3316 883 3370 9
920 3300 1287 3371 ‘generaliter
1326 3298 1582 3372 quisquis
1617 3299 1851 3355 omnino
1885 3309 2079 3355 nostro
2113 3296 2343 3355 nomine
2387 3295 2460 3353 sit
2502 3301 2566 3354 in
2596 3301 2728 3370 pos-

422 3386 673 3454 sessione,
712 3385 882 3440 veluti
934 3395 1280 3456 procurator,
1319 3386 1545 3455 hospeS,
1583 3383 1819 3453 amicus,
1859 3400 1962 3438 nos
2003 3383 2291 3454 possidere
2325 3381 2615 3451 videmur‚’
2651 3381 2726 3436 ib.

432 3483 506 3522 10.
542 3483 561 3522 1
595 3467 779 3522 ‘aliud
806 3478 929 3523 est.
958 3511 972 3524 .
999 3474 1013 3524 '.
1040 3508 1053 3521 .
1075 3469 1375 3540 possidere,
1416 3469 1583 3537 longe
1621 3467 1776 3522 aliud
1816 3469 1880 3522 in
1907 3467 2252 3539 possessione
2292 3468 2436 3535 esse,’
2473 3465 2551 3520 ib.
2581 3480 2610 3520 2
2619 3479 2664 3535 5.
2699 3479 2722 3522 1

424 3551 438 3580 ‘
455 3569 559 3606 nec
578 3550 723 3607 inter
748 3553 1011 3607 colonum
1032 3563 1087 3608 et
1110 3568 1334 3607 servum
1355 3561 1630 3621 nostrum,
1651 3568 1753 3621 per
1771 3566 1940 3621 quem
1959 3548 2725 3620 possessionemretinemuS,

422 3635 725 3706 quicquam
778 3636 1043 3705 interest,'
1083 3635 1261 3692 Gaius
1314 3634 1383 3690 iv.
1443 3649 1539 3704 153
1578 3633 1922 3707 ‘quinetiam
1971 3632 2224 3704 plerique
2273 3643 2490 3705 putant,
2534 3635 2727 3688 animo

424 3735 647 3789 quoque
672 3720 896 3774 retineri
926 3720 1363 3790 possessionem,
1384 3719 1536 3790 quod
1562 3728 1884 3773 nostrorum
1911 3717 2066 3772 verbi
2094 3716 2277 3787 gratia
2301 3717 2640 3772 aestivorum
2668 3728 2725 3772 et

426 3801 787 3856 hibernorum
825 3803 1071 3858 saltuum
1109 3803 1302 3858 animo
1341 3804 1481 3872 solo,
1521 3802 1654 3873 quia
1691 3800 2053 3869 voluerimus,
2079 3818 2148 3855 ex
2191 3817 2305 3872 quo
2342 3799 2726 3870 discessimuS,

426 3884 645 3953 reverti,
696 3885 941 3940 retinere
992 3885 1413 3956 possessionem
1464 3885 1792 3954 videamur,’
1837 3885 1990 3940 Paul.
2020 3893 2160 3939 sent.
2189 3901 2300 3939 ree.
2329 3897 2373 3954 5.
2403 3899 2452 3939 2.
2486 3899 2507 3937 1
2540 3883 2555 3911 ‘
2575 3883 2726 3953 (pos-

426 3967 761 4036 sessionem)
806 3967 1047 4023 retinere
1090 3969 1245 4024 nudo
1289 3969 1480 4022 animo
1520 3985 1840 4039 possumus,
1887 3968 2032 4023 sicut
2081 3967 2138 4022 in
2189 3967 2426 4023 saltibus
2474 3965 2726 4020 hibernis

425 4049 767 4121 aestivisque
805 4049 1115 4119 contingit‚’
1152 4050 1286 4118 Dig.
1311 4065 1396 4117 41.
1424 4067 1474 4104 2.
1502 4066 1551 4119 3.
1586 4066 1606 4104 1
1640 4051 1980 4121 ‘apiscimur
2031 4051 2451 4121 possessionem
2491 4064 2726 4118 corpore

423 4143 479 4189 et
506 4132 715 4203 anime,
741 4150 926 4204 neque
952 4149 1053 4204 per
1076 4151 1139 4188 se
1163 4133 1373 4199 animm
1396 4144 1493 4187 aut
1519 4150 1621 4203 per
1645 4151 1706 4188 se
1732 4135 1998 4204 corpore’
2024 4135 2101 4188 ib.
2128 4135 2179 4190 8.

496 4219 610 4272 For
634 4219 731 4273 the
757 4216 1059 4273 difference
1084 4218 1338 4273 between
1364 4216 1598 4272 colonus
1625 4218 1738 4270 and
1763 4217 2068 4287 inquilinus
2095 4234 2190 4272 see
2212 4233 2262 4286 p.
2285 4229 2392 4282 424
2409 4231 2560 4283 supr.
2601 4215 2726 4269 The

422 4301 709 4357 reference
752 4301 840 4356 for
880 4299 1217 4371 acquisition
1261 4300 1327 4354 of
1367 4299 1695 4370 possession
1741 4300 1983 4370 through
2023 4302 2214 4355 others
2260 4299 2308 4354 is
2348 4308 2408 4353 to
2455 4297 2557 4350 Bk.
2591 4295 2647 4352 ii.
2674 4311 2722 4367 9.

421 4401 459 4452 4
484 4402 635 4455 supr.

496 4467 611 4540 ξθ.
652 4467 855 4525 Under
895 4471 992 4525 the
1042 4469 1201 4525 older
1237 4469 1343 4523 law
1386 4468 1545 4524 there
1588 4485 1734 4524 were
1777 4478 1888 4523 two
1933 4465 2224 4523 interdicts
2268 4465 2354 4520 sor
2395 4462 2724 4536 recovcring
