3230 5116
288 434 407 486 Tit.
438 428 539 496 [2.]
624 425 747 482 DE
784 425 1265 482 PERPETUIS
1304 424 1429 482 ET
1474 426 2148 501 TEMPORALIBUS,
2177 427 2359 489 ETC.
2479 435 2608 508 573

294 605 532 661 catum
580 593 744 659 solvi
796 614 917 677 pro
967 593 1101 658 litis
1139 601 1429 677 praestet
1474 593 1956 659 aestimatione.
2032 616 2227 660 nemo
2283 597 2460 661 enim
2505 619 2610 664 se-

294 700 601 763 cundum
629 706 921 763 veterem
966 697 1278 781 regulam,
1309 708 1382 764 ut
1424 699 1557 762 iam
1589 699 1842 762 dictum
1884 708 2002 777 est,
2035 698 2289 764 alienae
2336 701 2426 765 rei
2471 703 2612 766 sine

298 802 741 868 satisdatione
770 801 1076 866 defensor
1113 801 1387 866 idoneus
1429 801 1851 884 intellegitur.
1943 800 2134 885 Quae
2174 804 2397 868 omnia
2425 826 2608 888 aper·
2635 812 2672 868 6

295 907 441 970 tius
471 915 538 970 et
569 905 1039 987 perfectissime
1067 926 1108 968 a
1138 905 1499 969 cottidiano
1530 906 1914 970 iudiciorum
1946 927 2066 970 usu
2102 907 2167 968 in
2201 906 2358 990 ipsis
2390 929 2608 974 rerum

300 1009 727 1074 documentis
756 1019 1094 1092 apparent.
1185 1007 1407 1092 Quam
1438 1009 1718 1073 formam
1756 1028 1886 1072 non
1933 1009 2148 1074 solum
2180 1010 2246 1073 in
2276 1009 2403 1075 hac
2432 1012 2612 1095 regia
2640 1024 2674 1077 7

302 1113 490 1189 urbe,
524 1113 642 1177 sed
682 1121 751 1177 et
794 1114 861 1175 in
907 1112 1211 1176 omnibus
1256 1113 1496 1176 nostris
1537 1113 1906 1196 provinciis,
1940 1113 2065 1176 etsi
2109 1123 2380 1196 propter
2408 1115 2615 1198 impe-

300 1217 530 1280 ritiam
560 1215 751 1281 aliter
791 1215 961 1280 sorte
1002 1215 1525 1293 celebrabantur,
1567 1217 1869 1300 optinere
1907 1236 2266 1293 censemus,
2307 1237 2458 1281 cum
2499 1238 2612 1282 ne-

304 1338 493 1383 cesse
523 1329 623 1384 est
652 1339 885 1383 omnes
916 1321 1281 1402 provincias
1304 1331 1505 1403 caput
1528 1322 1826 1385 omnium
1859 1329 2228 1383 nostrarum
2255 1321 2614 1401 civitatum,

305 1421 379 1487 id
410 1431 511 1488 est
539 1420 711 1488 hanc
742 1423 991 1505 regiam
1022 1423 1271 1502 urbem,
1303 1425 1572 1509 eiusque
1603 1424 2091 1489 observantiam
2123 1424 2328 1508 sequi.

1385 1639 1548 1703 XII.

358 1813 461 1864 DE
509 1813 917 1866 PERPETUIS
963 1815 1059 1864 ET
1104 1814 1682 1867 TEMPORALIBUS
1728 1815 2178 1868 ACTIONIBUS
2225 1817 2324 1866 ΕΤ
2367 1816 2572 1882 QUAE

606 1918 711 1968 AD
757 1917 1104 1968 HEREDES
1148 1917 1292 1968 VEL
1338 1918 1420 1968 IN
1466 1917 1816 1969 HEREDES
1863 1919 2328 1970 TRANSEUNT.

408 2069 563 2134 Hoc
593 2067 740 2133 loco
776 2067 1180 2132 admonendi
1224 2089 1450 2132 sumus
1494 2089 1605 2132 eas
1647 2068 1918 2152 quidem
1961 2070 2269 2146 actioneS,
2312 2089 2484 2152 quae
2529 2089 2617 2132 ex

315 2173 467 2256 lege
509 2181 858 2238 senatusve
901 2171 1203 2236 consulto
1247 2173 1385 2236 sive
1429 2194 1518 2236 ex
1562 2173 1761 2237 sacris
1807 2172 2382 2238 constitutionibus
2403 2157 2619 2256 'profi-

318 2278 667 2356 ciscuntur,
698 2285 1017 2358 perpetuo
1059 2275 1270 2340 solere
1314 2277 1678 2359 antiquitus
1718 2285 2108 2361 competere,
2153 2277 2362 2341 donec
2393 2297 2618 2341 sacrae

318 2381 825 2446 constitutiones
856 2389 995 2444 tam
1027 2381 1093 2444 in
1125 2401 1263 2444 rem
1288 2401 1489 2463 quam
1520 2380 1973 2464 personalibus
2003 2382 2372 2446 actionibus
2404 2391 2620 2446 certos

318 2485 483 2550 fines
532 2486 893 2550 dederunt:
938 2506 1051 2549 eas
1088 2505 1263 2565 ver0,
1301 2507 1475 2569 quae
1521 2481 1609 2550 ex
1650 2486 1914 2571 propria
1954 2487 2274 2571 praetoris
2332 2487 2622 2552 iurisdic-

318 2591 501 2655 tione
545 2591 859 2673 pendent,
898 2591 1287 2674 plerumque
1326 2591 1498 2656 intra
1537 2591 2048 2670 annumvivere
2089 2590 2272 2677 (nam
2314 2599 2382 2656 et
2417 2592 2622 2675 ipsius

318 2696 637 2780 praetoris
682 2694 852 2759 intra
896 2714 1142 2759 annum
1190 2704 1331 2759 erat
1391 2692 1790 2781 imperium).
1882 2695 2242 2778 aliquando
2283 2703 2510 2760 tamen
2555 2705 2623 2760 et

321 2800 388 2862 in
436 2808 826 2881 perpetuum
881 2801 1349 2877 extenduntur,
1401 2800 1467 2864 id
1523 2808 1627 2863 est
1677 2818 1886 2882 usque
1929 2800 2014 2863 ad
2061 2798 2262 2863 finem
2308 2799 2623 2864 constitu-

321 2901 611 2966 tionibus
657 2901 1145 2966 introductum:
1192 2900 1422 2983 quales
1474 2910 1629 2966 sunt
1680 2900 1826 2979 hae,
1877 2922 2043 2985 quas
2094 2903 2419 2965 bonorum
2471 2922 2624 2985 pos-

322 3005 556 3071 sessori
615 3004 980 3087 ceterisque
1027 3004 1137 3089 qui
1184 3005 1445 3069 heredis
1496 3004 1642 3070 loco
1695 3013 1851 3069 sunt
1898 3006 2384 3071 accommodat.
2469 3005 2623 3070 furti

325 3128 588 3192 quoque
634 3107 963 3172 manifesti
1008 3110 1202 3187 actio,
1246 3109 1548 3192 quamvis
1593 3130 1682 3173 ex
1723 3108 1928 3192 ipsius
1963 3109 2285 3193 praetoris
2331 3109 2622 3174 iurisdic-

325 3214 503 3283 tione
555 3211 1020 3295 proficiscatur,
1067 3222 1293 3278 tamen
1352 3222 1681 3296 perpetuo
1735 3214 1961 3278 datur:
2041 3212 2402 3277 absurdum
2448 3213 2623 3278 enim

328 3467 559 3525 defence
603 3468 670 3523 of
701 3470 942 3525 another
975 3469 1104 3524 who
1138 3468 1383 3538 through
1424 3468 1689 3537 absence,
1730 3468 1997 3538 insanity,
2033 3468 2315 3539 minority,
2357 3486 2423 3523 or
2464 3485 2625 3525 some

326 3552 486 3607 other
521 3569 692 3608 cause
729 3552 1041 3623 neglected‚
1069 3569 1134 3606 or
1158 3568 1272 3607 was
1297 3552 1522 3619 unable,
1547 3562 1607 3606 to
1642 3569 1855 3622 appear
1885 3553 1973 3607 for
2001 3551 2242 3608 himself.
2319 3552 2458 3607 Litis
2494 3569 2626 3607 con-

328 3634 551 3691 testatio
574 3635 709 3691 with
734 3637 833 3691 the
856 3637 1149 3691 volunteer-
1170 3635 1427 3690 released
1452 3635 1550 3689 the
1574 3636 1692 3689 real
1719 3634 2028 3691 defendant
2058 3636 2203 3690 from
2237 3635 2312 3690 all
2349 3634 2623 3706 liability:

328 3716 637 3775 ‘solutione
679 3720 770 3775 vel
818 3717 1089 3773 iudicium
1139 3734 1241 3789 pro
1291 3717 1457 3772 nobis
1508 3716 1842 3787 accipiendo
1891 3727 1948 3774 et
1997 3717 2156 3773 inviti
2199 3728 2259 3774 et
2300 3717 2627 3787 ignorantes

327 3800 545 3857 liberari
572 3804 901 3871 possumus'
926 3802 1060 3873 Dig.
1086 3801 1174 3869 46.
1200 3816 1248 3870 3.
1278 3816 1345 3870 23
1372 3821 1387 3868 3
1424 3802 1491 3857 cf.
1522 3801 1657 3870 Dig.
1690 3813 1770 3872 15.
1796 3817 1846 3871 3.
1879 3817 1964 3857 10.
1997 3816 2040 3857 1.

398 3882 517 3953 §¹1.
568 3884 649 3939 Cf.
701 3884 1029 3955 Justinian’s
1076 3894 1363 3941 comment
1412 3902 1489 3941 on
1538 3886 1735 3941 Zeno’s
1791 3884 2158 3940 constitution
2219 3884 2292 3941 de
2351 3883 2625 3941 aedificiis

330 3966 557 4037 privatis
584 3966 641 4021 in
670 3969 811 4024 Cod.
837 3970 889 4024 8.
913 3984 994 4024 10.
1026 3983 1088 4037 13
1116 3968 1446 4039 ‘indignum
1482 3986 1608 4024 esse
1643 3978 1839 4024 nostro
1877 3978 2134 4039 tempore
2168 3978 2434 4039 putantes
2471 3968 2626 4025 aliud

332 4053 414 4108 ius
458 4053 515 4109 in
556 4054 663 4109 hac
707 4054 867 4126 regia
907 4056 1135 4112 civitate
1184 4056 1257 4111 de
1305 4055 1630 4111 huiusmodi
1670 4054 1976 4125 observari,
2020 4055 2174 4111 aliud
2212 4056 2366 4126 apud
2402 4066 2626 4111 nostros

332 4154 453 4192 esse
478 4136 870 4208 provinciales,
896 4137 1182 4217 sancimus
1220 4137 1465 4194 eandem
1502 4138 1968 4195 constitutionem
2004 4138 2063 4194 in
2099 4138 2364 4194 omnibus
2393 4136 2626 4193 urbibus

335 4219 575 4275 Romani
602 4219 819 4289 imperii
847 4219 1137 4275 obtinere!
2649 4226 2658 4233 '

398 4305 517 4357 wit..
543 4306 692 4358 ΧΠ.
733 4301 1048 4374 Originally
1075 4304 1151 4359 all
1183 4302 1403 4359 actions
1438 4322 1583 4360 were
1623 4313 1949 4376 perpetuae.
2023 4303 2392 4361 substantive
2433 4302 2450 4332 ‘
2464 4320 2627 4359 sanc-

333 4385 553 4442 tioned’
590 4386 769 4457 rights
806 4386 987 4457 might
1028 4388 1101 4443 be
1143 4388 1449 4458 destroyed
1484 4389 1560 4457 by
1597 4391 1757 4458 lapse
1800 4390 1865 4443 of
1901 4389 2054 4459 time,
2099 4406 2146 4444 e.
2167 4406 2220 4459 g.
2266 4389 2390 4443 that
2433 4388 2498 4441 of
2529 4388 2626 4444 the

336 4470 593 4525 dominus
615 4471 694 4540 by
716 4470 1005 4541 usucapio,
1034 4471 1151 4527 and
1186 4473 1309 4527 that
1346 4471 1412 4526 os
1439 4488 1475 4527 a
1510 4472 1757 4528 creditor
1791 4473 2014 4543 against
2052 4489 2088 4527 a
2121 4488 2362 4542 sponsor
2394 4487 2459 4525 or
2492 4471 2627 4526 fide-

334 4553 640 4625 promissor
652 4554 831 4612 under
846 4555 943 4612 the
962 4566 1235 4627 two-year
1254 4554 1556 4612 limitation
1582 4555 1646 4611 of
1666 4556 1764 4613 the
1789 4556 1880 4612 lex
1905 4555 2094 4626 Furia,
2109 4572 2162 4627 p.
2179 4569 2278 4623 411
2302 4570 2452 4626 supr.
2477 4572 2490 4610 :
2525 4554 2626 4625 but

3197 243 3212 324 -..adv
3209 187 3212 222 .-.
3201 125 3212 158 ‘-
