3230 5116
593 396 720 472 352
1003 387 1711 448 JNSYJTUTJONUM
1742 387 1983 444 LIBRI
2018 385 2189 459 QUA
2200 387 2495 446 TTUOR.
2624 363 2907 454 'trabam

459 591 466 600 -
533 559 570 614 3
596 558 782 623 cuius
841 555 964 621 iuri
1021 555 1321 622 subiecta
1379 563 1502 620 est.
1622 553 2087 619 Praeferuntur
2148 562 2376 619 autem
2448 554 2641 619 matri
2710 555 2903 620 liberi

595 661 909 738 defuncti,
953 661 1068 744 qui
1111 661 1213 726 sui
1257 668 1412 722 sunt
1458 657 1657 741 quive
1702 677 1972 722 suorum
2016 657 2181 738 loco,
2228 659 2367 723 sive
2415 657 2609 740 primi
2654 660 2903 742 gradus

591 765 732 830 sive
789 763 1137 828 ulterioris.
1231 763 1350 826 sed
1411 771 1480 827 et
1549 761 1726 826 filiae
1789 782 1949 826 suae
2011 771 2313 826 mortuae
2370 760 2543 826 filius
2598 763 2706 826 vel
2764 763 2902 827 filia

593 869 954 952 opponitur
997 888 1087 931 ex
1131 865 1714 931 constitutionibus
1773 865 1968 930 matri
2019 864 2387 944 defunctae,
2435 865 2505 929 id
2556 874 2661 929 est
2709 867 2902 931 aviae

593 992 773 1037 suae.
849 981 1042 1054 pater
1084 989 1348 1054 quoque
1395 970 1756 1052 utriusque,
1810 989 1941 1033 non
1991 969 2193 1034 etiam
2243 989 2407 1034 avus
2457 967 2565 1034 vel
2616 989 2902 1052 proavus

593 1077 788 1140 matri
833 1076 1272 1158 anteponitur,
1314 1073 1564 1140 scilicet
1607 1093 1761 1140 cum
1806 1075 1977 1138 inter
2019 1095 2135 1138 eos
2178 1072 2357 1138 solos
2401 1075 2488 1138 de
2531 1073 2901 1142 hereditate

592 1180 831 1263 agitur.
939 1179 1143 1244 frater
1197 1187 1424 1244 autem
1484 1179 2011 1262 consanguineus
2075 1186 2217 1244 tam
2278 1178 2399 1244 filii
2456 1199 2659 1262 quam
2724 1179 2903 1246 filiae

593 1282 999 1348 excludebat
1048 1291 1372 1348 matrem:
1417 1303 1605 1347 soror
1646 1292 1873 1347 autem
1919 1284 2409 1366 consanguinea
2458 1284 2705 1366 pariter
2746 1304 2899 1348 cum

594 1397 809 1452 matre
837 1386 1354 1451 admittebatur:
1401 1386 1519 1450 sed
1553 1387 1608 1452 si
1639 1385 1854 1452 fuerat
1883 1385 2085 1452 frater
2114 1395 2183 1450 et
2217 1407 2403 1452 soror
2430 1387 2901 1470 consanguinei

595 1499 664 1553 et
708 1499 920 1554 mater
963 1489 1184 1553 liberis
1217 1487 1560 1565 honorata,
1604 1489 1808 1554 frater
1848 1491 2119 1572 quidem
2154 1498 2437 1555 matrem
2477 1490 2899 1568 excludebat,

591 1594 964 1658 communis
1015 1601 1244 1657 autem
1288 1604 1430 1658 erat
1473 1593 1808 1659 hereditas
1853 1615 1943 1659 ex
1985 1595 2214 1678 aequis
2258 1595 2557 1678 partibus
2601 1594 2787 1660 fratri
2830 1606 2900 1661 et

531 1709 568 1761 4
595 1699 819 1763 sorori.
910 1697 1046 1764 Sed
1077 1717 1201 1762 nos
1229 1699 1721 1779 constitutione,
1749 1719 1953 1782 quam
1988 1699 2058 1763 in
2098 1700 2324 1764 codice
2364 1709 2590 1765 nostro
2630 1701 2899 1765 nomine

592 1803 905 1867 decorato
947 1803 1305 1886 posuimus
1353 1804 1548 1868 matri
1593 1804 2115 1869 subveniendum
2162 1825 2305 1868 esse
2348 1804 2895 1882 existimavimus,

591 1909 1020 1992 respicientes
1045 1909 1133 1972 ad
1167 1917 1472 1972 naturam
1510 1917 1578 1973 et
1622 1909 2043 1992 puerperium
2090 1917 2159 1973 et
2197 1908 2560 1992 periculum
2593 1918 2661 1973 et
2698 1929 2897 1992 saepe

592 2023 877 2078 mortem
908 2035 997 2078 ex
1027 2010 1154 2078 hoc
1194 2033 1350 2078 casu
1397 2013 1721 2078 matribus
1756 2013 2031 2078 illatam.
2106 2014 2389 2097 ideoque
2429 2014 2709 2096 impium
2752 2034 2899 2080 esse

591 2119 991 2184 credidimus
1041 2138 1268 2182 casum
1326 2117 1671 2184 fortuitum
1731 2120 1800 2183 in
1860 2120 1999 2183 eius
2056 2119 2323 2183 admitti
2383 2119 2895 2182 detrimentum:

590 2222 648 2286 si
678 2223 854 2286 enim
886 2222 1171 2303 ingenua
1199 2229 1305 2284 ter
1329 2221 1435 2284 vel
1471 2221 1779 2287 libertina
1815 2233 2051 2307 quater
2080 2243 2212 2288 non
2250 2223 2529 2306 peperit,
2563 2223 2897 2286 immerito

591 2323 1106 2390 defraudabatur
1141 2326 1552 2390 successione
1595 2348 1863 2392 suorum
1904 2328 2298 2393 liberorum:
2344 2326 2507 2410 quid
2537 2327 2712 2390 enim
2744 2348 2894 2410 pec—

592 2429 784 2506 cavit,
836 2428 890 2493 si
943 2449 1080 2492 non
1129 2428 1366 2510 piures,
1419 2430 1536 2494 sed
1589 2451 1839 2514 paucos
1889 2429 2263 2517 pepererit?
2317 2441 2387 2497 et
2438 2431 2745 2494 dedimus
2793 2431 2896 2494 ius

591 2531 964 2617 legitimum
1001 2530 1274 2617 plenum
1321 2533 1642 2599 matribus
1686 2536 1826 2601 sive
1865 2537 2167 2621 ingenuis
2207 2536 2345 2601 sive
2385 2529 2727 2615 libertinis,
2772 2537 2893 2601 etsi

592 2656 725 2699 non
770 2646 873 2701 ter
917 2637 1158 2700 enixae
1202 2635 1444 2702 fuerint
1487 2639 1592 2702 vel
1638 2649 1889 2722 quater,
1918 2642 2038 2705 sed
2082 2662 2234 2706 eum
2277 2649 2542 2713 tantum
2581 2639 2688 2703 vel
2718 2659 2893 2715 eam,

591 2741 706 2823 qui
748 2761 1000 2824 quaeve
1047 2749 1266 2805 morte
1301 2743 1649 2826 intercepti
1694 2753 1865 2822 sunt,
1895 2754 1971 2811 ut
2014 2752 2084 2810 et
2127 2746 2220 2809 sic
2256 2753 2575 2821 vocentur
2619 2744 2687 2807 in
2728 2743 2896 2807 libe-

530 2853 566 2907 5
593 2863 813 2908 rorum
874 2864 1143 2909 suorum
1202 2843 1574 2927 legitimam
1640 2849 2143 2913 successionem.
2262 2847 2402 2913 Sed
2474 2866 2627 2911 cum
2696 2856 2897 2911 antea

589 2948 1096 3013 constitutiones
1161 2948 1302 3012 iura
1375 2948 1679 3033 legitima
1744 2960 2233 3034 perscrutantes
2300 2951 2544 3034 partim
2612 2959 2894 3013 matrem

588 3051 1016 3128 adiuvabant,
1078 3052 1320 3135 partim
1381 3074 1530 3118 eam
1589 3055 2117 3139 praegravabant
2175 3065 2244 3121 et
2296 3075 2429 3120 non
2488 3056 2557 3118 in
2609 3054 2894 3119 solidum

589 3176 740 3221 eam
783 3157 1129 3235 vocabant,
1175 3157 1293 3221 sed
1343 3157 1411 3221 in
1457 3159 1857 3241 quibusdam
1902 3159 2165 3225 casibus
2216 3160 2482 3225 tertiam
2526 3168 2785 3241 partem
2830 3158 2892 3221 ei

585 3418 822 3475 entitled
857 3436 924 3475 as
947 3436 1154 3491 parens
1178 3420 1560 3478 manumissor
1581 3438 1649 3477 or
1671 3438 1737 3477 as
1766 3422 2047 3479 bonorum
2078 3440 2375 3495 possessor
2400 3441 2531 3479 cum
2556 3440 2637 3493 re,
2658 3421 2893 3494 Ulpian,

585 3516 698 3571 reg.
732 3502 818 3557 26.
840 3502 891 3557 8.

657 3583 784 3639 The
806 3585 1090 3656 following
1120 3588 1370 3657 changes
1396 3605 1541 3644 were
1573 3587 1745 3643 made
1770 3586 1829 3643 in
1858 3588 1957 3645 the
1990 3590 2259 3645 mother's
2294 3590 2477 3661 rights
2508 3590 2567 3646 in
2592 3592 2689 3647 the
2721 3590 2891 3647 inter-

583 3666 832 3724 mediate
857 3668 1056 3739 period
1071 3670 1266 3725 before
1285 3670 1612 3740 Justinian's
1639 3686 1765 3726 own
1784 3672 2109 3727 settlement
2134 3673 2201 3727 of
2218 3674 2315 3729 the
2339 3675 2464 3730 law.
2516 3672 2893 3731 Constantine

584 3750 829 3807 enacted
864 3751 988 3807 that
1028 3769 1065 3807 a
1100 3753 1326 3809 mother
1364 3753 1498 3809 with
1535 3754 1625 3809 ius
1661 3753 1966 3811 liberorum
2003 3756 2210 3812 should
2247 3766 2349 3813 not
2388 3759 2523 3828 only
2559 3757 2749 3813 divide
2791 3758 2891 3813 the

583 3833 910 3890 succession
935 3834 1068 3891 with
1099 3836 1196 3891 the
1221 3852 1381 3891 soror
1411 3837 1839 3908 consanguinea
1870 3838 1937 3893 of
1952 3840 2051 3896 the
2076 3840 2377 3910 deceased,
2400 3841 2503 3896 but
2537 3839 2743 3899 should
2768 3841 2891 3897 also

583 3918 704 3973 lose
727 3934 766 3973 a
788 3918 941 3974 third
977 3918 1041 3973 of
1058 3918 1100 3975 it
1138 3919 1196 3975 in
1229 3919 1426 3975 favour
1455 3921 1521 3976 of
1537 3920 1627 3976 his
1665 3939 1731 3976 or
1766 3922 1869 3977 her
1898 3922 2127 3993 agnatio
2156 3925 2323 3981 uncle
2349 3924 2626 3995 (patruus)
2654 3923 2770 3979 and
2798 3922 2890 3979 his

583 3999 735 4069 issue
759 4010 818 4056 to
844 4003 941 4057 the
967 4003 1180 4058 second
1205 4002 1428 4073 degree,
1453 4004 1817 4076 irrespective
1842 4006 1909 4060 of
1925 4006 2128 4077 capitis
2153 4008 2482 4063 deminutio.
2561 4009 2655 4062 He
2674 4007 2893 4063 further

583 4083 879 4140 conferred
907 4101 980 4141 on
1006 4088 1260 4142 mothers
1284 4087 1517 4144 without
1551 4090 1650 4145 the
1688 4088 1775 4144 ius
1800 4089 2105 4145 liberorum
2130 4107 2166 4145 a
2189 4088 2341 4161 right
2376 4090 2443 4145 of
2467 4089 2795 4147 succession
2828 4100 2891 4147 to

583 4184 622 4225 a
655 4166 807 4223 third
833 4169 898 4223 of
915 4186 950 4225 a
974 4168 1256 4227 deceased
1292 4170 1489 4226 child’s
1527 4182 1813 4244 property,
1836 4174 1935 4229 the
1970 4173 2197 4235 residue
2222 4173 2395 4243 going
2432 4183 2493 4229 to
2528 4175 2627 4230 the
2664 4184 2891 4231 nearest

583 4261 790 4323 agnate
828 4268 892 4306 or
928 4263 1203 4325 agnates3
1252 4254 1368 4311 this
1402 4256 1555 4313 third
1590 4273 1708 4312 was
1745 4257 1993 4313 doubled
2028 4257 2109 4327 by
2136 4256 2499 4315 Theodosius
2534 4257 2650 4314 and
2682 4258 2891 4314 Valen-

582 4335 779 4408 tinian,
811 4339 937 4393 who
973 4338 1096 4395 also
1131 4355 1276 4409 gave
1312 4357 1349 4395 a
1383 4340 1537 4396 third
1572 4349 1635 4396 to
1670 4342 1769 4397 the
1806 4341 2133 4397 deceased's
2172 4340 2573 4413 emancipated
2608 4340 2892 4409 brothers,

583 4421 770 4479 whom
795 4420 1116 4493 previously
1139 4424 1238 4479 the
1261 4425 1486 4481 mother
1509 4424 1627 4481 had
1652 4426 1968 4495 altogether
1990 4424 2283 4481 excluded.

658 4502 722 4579 ἕξ
749 4507 810 4578 4,
835 4508 892 4562 5.
927 4504 1213 4579 justinian
1249 4506 1548 4569 abolished
1571 4509 1671 4569 th‘e
1707 4507 1797 4569 ius
1831 4507 2153 4582 liberorum,
2178 4508 2351 4583 along
2374 4505 2507 4565 with
2544 4507 2641 4566 the
2678 4506 2893 4563 deduc-
