3230 5116
576 359 709 441 264
985 365 1232 422 INSTI
1231 365 1285 420 T
1288 364 1399 421 UT
1393 363 1687 422 IONUM
1720 361 1960 418 LIBRI
1999 360 2468 434 QUATTUOR.
2652 361 2781 429 [Lib.
2805 366 2875 418 11.

573 530 1016 597 exheredatis,
1105 531 1329 614 itaque
1374 550 1455 593 eo
1494 548 1651 593 casu
1694 528 1749 592 si
1787 527 1945 609 quid
1986 526 2241 610 pupillo
2280 547 2371 592 ex
2399 526 2879 596 hereditatibus

571 637 894 721 legatisve
919 645 1037 702 aut
1066 634 1533 700 donationibus
1569 633 2088 716 propinquorum
2125 641 2328 716 atque
2365 634 2729 698 amicorum
2758 634 2879 699 ad-

572 743 890 825 quisitum
947 740 1159 820 fuerit,
1206 741 1272 804 id
1334 759 1534 804 omne
1583 739 1671 803 ad
1724 737 2158 803 substitutum
2217 723 2567 821 pertineat.
2672 759 2877 822 quae-

570 865 857 928 cumque
907 844 1202 909 diximus
1251 843 1337 908 de
1381 843 1853 908 substitutione
1896 842 2312 924 impuberum
2362 842 2719 906 liberorum
2770 842 2877 906 vel

569 948 890 1013 heredum
939 949 1392 1012 institutorum
1443 946 1551 1010 vel
1604 944 2183 1022 exheredatorum,
2232 946 2469 1010 eadem
2529 947 2732 1011 etiam
2790 947 2878 1011 de

511 1067 548 1124 5
572 1053 899 1135 postumis
927 1052 1391 1136 intellegimus.
1453 1051 1711 1116 Liberis
1741 1060 1967 1116 autem
1998 1051 2132 1116 suis
2161 1057 2638 1115 testamentum
2662 1050 2878 1116 facere

571 1177 770 1221 nemo
819 1165 1062 1239 potest,
1093 1157 1218 1221 nisi
1264 1165 1333 1219 et
1384 1155 1509 1220 sibi
1548 1154 1789 1219 saciat:
1844 1174 1998 1219 nam
2045 1153 2369 1237 pupillare
2398 1165 2874 1222 testamentum

568 1280 724 1342 pars
753 1270 823 1324 et
852 1260 1122 1342 sequela
1151 1268 1255 1324 est
1281 1259 1539 1341 paterni
1569 1259 1971 1338 testamenti,
2001 1257 2171 1322 adeo
2212 1268 2303 1337 ut,
2335 1258 2390 1322 si
2436 1259 2641 1340 patris
2671 1269 2875 1324 testa-

508 1369 546 1424 6
573 1373 873 1427 mentum
935 1383 1068 1426 non
1117 1361 1359 1438 valeat,
1417 1383 1504 1426 ne
1555 1361 1674 1425 filii
1725 1362 1996 1444 quidem
2046 1361 2315 1427 valebit.
2411 1361 2539 1426 Vel
2600 1362 2877 1444 singulis

567 1477 796 1532 autem
853 1466 1076 1531 liberis
1126 1466 1233 1530 vel
1285 1466 1400 1549 qui
1459 1486 1689 1532 eorum
1743 1467 2135 1532 novissimus
2194 1466 2500 1549 impubes
2560 1467 2878 1534 morietur

570 1570 883 1636 substitui
913 1578 1155 1653 potest.
1228 1569 1502 1653 singulis
1531 1570 1825 1653 quidem,
1848 1571 1903 1636 si
1935 1571 2267 1634 neminem
2297 1591 2526 1634 eorum
2558 1571 2876 1636 intestato

566 1673 892 1738 decedere
932 1673 1179 1739 voluit:
1239 1674 1621 1750 novissime,
1662 1674 1717 1740 si
1764 1675 1865 1740 ius
1918 1673 2360 1758 legitimarum
2407 1673 2873 1740 hereditatium

509 1778 546 1830 7
569 1778 900 1862 integrum
941 1778 1112 1843 inter
1139 1798 1254 1843 eos
1294 1778 1608 1843 custodiri
1637 1777 1817 1843 velit.
1909 1775 2350 1844 Substituitur
2387 1787 2615 1842 autem
2657 1779 2873 1861 impu-

565 1882 707 1946 beri
749 1890 870 1946 aut
910 1882 1323 1961 nominatim,
1355 1882 1562 1947 veluti
1606 1885 1623 1916 ‘
1644 1877 1901 1961 Titius}
1944 1892 2063 1946 aut
2104 1881 2501 1964 generaliter
2543 1883 2875 1966 ‘quisquis

567 1985 730 2050 mihi
759 1984 949 2051 heres
980 1982 1171 2052 erit':
1215 1987 1458 2071 quibus
1493 1987 1713 2053 verbis
1750 1997 2072 2052 vocantur
2108 2007 2197 2050 ex
2243 1984 2711 2052 substitutione
2752 1988 2876 2052 im-

565 2090 816 2172 pubere
853 2089 990 2154 filio
1035 2101 1316 2169 mortu0,
1347 2091 1459 2174 qui
1502 2102 1573 2157 et
1609 2091 1837 2173 scripti
1873 2101 2029 2157 sunt
2066 2089 2345 2155 heredes
2382 2099 2453 2155 et
2489 2091 2874 2169 extiterunt,

508 2205 546 2262 8
569 2202 639 2257 et
666 2213 788 2276 pro
816 2214 950 2276 qua
978 2204 1168 2276 parte
1209 2195 1488 2260 heredes
1522 2194 1679 2260 facti
1711 2205 1885 2260 sunt.
1975 2193 2281 2259 Masculo
2318 2195 2519 2278 igitur
2546 2215 2756 2279 usque
2786 2195 2873 2260 ad

567 2296 1100 2378 quattuordecim
1141 2317 1352 2363 annos
1391 2298 1703 2363 substitui
1746 2307 1985 2380 potest,
2018 2298 2301 2363 feminae
2340 2319 2551 2380 usque
2590 2299 2681 2364 ad
2708 2299 2875 2364 duo-

565 2399 784 2464 decim
807 2419 1055 2464 annos:
1101 2411 1172 2466 et
1202 2402 1256 2466 si
1283 2399 1412 2466 hoc
1432 2412 1697 2483 tempus
1719 2402 2097 2480 excesserit,
2114 2402 2499 2468 substitutio
2524 2404 2873 2470 evanescit.

565 2501 919 2567 Extraneo
945 2522 1104 2569 vero
1132 2504 1239 2569 vel
1269 2503 1408 2569 filio
1439 2505 1675 2589 puberi
1705 2505 1941 2571 heredi
1979 2507 2283 2573 instituto
2327 2507 2421 2572 ita
2476 2508 2874 2574 substituere

563 2624 766 2670 nemo
816 2614 1056 2689 potest,
1105 2617 1198 2687 ut,
1251 2608 1306 2673 si
1358 2607 1551 2674 heres
1602 2611 1905 2677 extiterit
1952 2621 2022 2676 et
2069 2612 2241 2676 intra
2286 2612 2558 2695 aliquod
2606 2622 2873 2696 tempus

563 2710 939 2790 decesserit,
969 2711 1138 2776 alius
1168 2712 1228 2777 ei
1257 2713 1344 2778 sit
1375 2713 1608 2779 heres:
1655 2717 1773 2780 sed
1803 2716 1930 2781 hoc
1962 2717 2177 2780 solum
2215 2720 2605 2799 permissum
2644 2727 2766 2794 est,
2798 2728 2874 2783 ut

564 2833 720 2877 eum
751 2834 870 2897 per
898 2813 1482 2881 fideicommissum
1513 2828 1797 2885 testator
1825 2820 2079 2905 obliget
2114 2821 2225 2887 alii
2255 2820 2695 2887 hereditatem
2733 2823 2873 2887 eius

562 2917 669 2980 vel
717 2927 932 2983 totam
982 2919 1090 2983 vel
1136 2941 1257 3004 pro
1306 2931 1496 3006 parte
1546 2924 1929 2991 restituere:
1974 2926 2156 3008 quod
2204 2926 2303 2990 ius
2354 2926 2551 3009 quale
2596 2926 2702 3008 sit,
2752 2947 2872 2991 suo

561 3022 712 3086 loco
741 3023 1098 3090 trademus.

636 3276 748 3351 59.
788 3282 914 3336 The
956 3298 1148 3352 power
1185 3283 1252 3340 of
1291 3301 1328 3340 a
1377 3286 1603 3341 Roman
1647 3296 1888 3343 testator
1933 3298 1993 3343 to
2043 3291 2261 3344 control
2311 3290 2407 3344 the
2450 3289 2774 3345 devolution
2815 3292 2881 3346 οἰ

561 3373 829 3433 property
853 3364 998 3419 after
1022 3364 1112 3420 his
1144 3382 1272 3421 own
1298 3367 1538 3423 decease
1563 3386 1679 3425 was
1706 3370 1819 3425 less
1844 3372 1983 3426 than
2009 3372 2131 3426 that
2157 3371 2398 3443 enjoyed
2423 3372 2606 3427 under
2630 3374 2871 3441 English

561 3446 687 3502 law.
757 3446 917 3500 With
957 3464 1028 3502 us
1066 3459 1334 3519 property
1373 3466 1480 3505 can
1519 3452 1593 3506 be
1635 3452 1779 3507 ‘tied
1819 3456 1927 3523 up’
1969 3453 2173 3525 during
2214 3472 2326 3524 any
2360 3454 2601 3510 number
2636 3456 2701 3509 of
2730 3456 2871 3513 lives

563 3529 809 3599 actually
833 3528 892 3583 in
930 3530 1233 3601 existence,
1259 3532 1374 3587 and
1412 3533 1500 3588 sor
1523 3544 1868 3605 twenty-one
1900 3554 2066 3607 years
2102 3537 2246 3593 after
2277 3538 2375 3593 the
2399 3538 2508 3593 last
2534 3537 2593 3593 in
2618 3539 2802 3595 which
2828 3540 2871 3599 it

563 3622 754 3667 vests:
793 3612 891 3668 the
917 3612 1144 3667 Roman
1168 3616 1336 3671 could
1370 3617 1536 3672 settle
1560 3615 1602 3672 it
1628 3616 1715 3672 for
1737 3619 1897 3674 three
1921 3620 2062 3675 lives
2081 3622 2231 3691 only,
2251 3638 2331 3691 or,
2352 3637 2508 3677 more
2535 3626 2871 3696 accurately,

568 3711 644 3749 on
687 3694 848 3749 three
890 3712 1129 3766 persons
1173 3697 1230 3752 in
1271 3700 1614 3769 succession,
1658 3701 1760 3756 viz.
1798 3703 1895 3759 the
1940 3703 2235 3760 instituted
2273 3704 2533 3776 impubes
2574 3706 2736 3779 filius,
2773 3709 2871 3766 the

563 3775 916 3849 pupillariter
950 3779 1304 3851 substitutus,
1329 3782 1443 3837 and
1481 3782 1707 3855 thirdly,
1738 3786 1835 3840 the
1870 3803 2077 3857 person
2115 3798 2176 3843 to
2209 3789 2395 3843 whom
2431 3790 2529 3845 the
2566 3791 2732 3847 latter
2756 3810 2870 3849 was

562 3861 814 3930 charged
863 3871 924 3917 to
971 3861 1131 3920 leave
1186 3864 1229 3919 it
1276 3881 1380 3937 per
1429 3866 1945 3926 fideicommissum.
2043 3872 2170 3928 The
2228 3872 2347 3928 first
2398 3873 2465 3929 of
2505 3875 2665 3929 these
2715 3874 2871 3949 liveS,

561 3946 837 4083 {mireve-1,
873 3956 1025 4085 {inst
1061 3965 1137 4004 ex
1163 3946 1460 4021 hypothesi
1493 3951 1568 4008 be
1604 3969 1642 4009 a
1678 3952 1834 4010 short
1878 3971 2006 4013 one.
2098 3956 2185 4015 Cf.
2226 3958 2333 4013 Mr.
2364 3959 2579 4016 Poste's
2614 3970 2750 4018 note
2795 3977 2870 4017 on

621 4044 745 4085 aius
771 4045 828 4085 u.
859 4044 882 4085 1
923 4044 978 4101 4.
