3230 5116
633 404 762 471 602
1038 412 1186 468 INS
1193 413 1334 469 TIT
1343 413 1452 469 UT
1449 412 1607 469 ION
1611 413 1743 468 UM
1778 410 2018 468 LIBRI
2054 411 2526 485 QUATTUOR.
2724 411 2867 478 [Lib
2908 416 3001 466 w.

575 592 610 648 3
725 581 1042 647 Omnium
1079 593 1303 648 autem
1343 581 1680 647 actionum
1719 581 2273 645 instituendarum
2306 578 2723 662 principium
2770 578 2879 643 ab
2914 596 3001 640 ea

633 695 823 767 parte
856 686 1055 751 edicti
1089 686 1532 769 proficiscitur,
1563 706 1695 768 qua
1726 695 1993 769 praetor
2022 685 2221 750 edicit
2251 685 2336 748 de
2366 685 2432 747 in
2462 684 2565 748 ius
2594 682 2998 747 vocando:

633 791 859 873 utique
891 791 1065 854 enirn
1097 793 1163 855 in
1196 791 1422 874 primis
1453 789 1863 854 adversarius
1894 788 1960 853 in
1994 788 2093 853 ius
2114 789 2449 853 vocandus
2478 798 2600 865 est,
2624 786 2701 851 id
2746 796 2877 851 est
2902 784 2998 849 ad

633 914 782 957 eum
813 896 1152 960 vocandus
1185 906 1301 972 est,
1336 895 1447 977 qui
1491 895 1590 958 ius
1622 895 1915 959 dicturus
1952 894 2054 957 sit.
2143 898 2275 975 qua
2304 901 2491 975 parte
2520 901 2831 975 praetor
2862 910 2995 973 pa-

632 999 926 1062 rentibus
955 1009 1022 1064 et
1053 1001 1361 1083 patroniS,
1391 999 1550 1062 item
1593 998 1818 1063 liberis
1857 997 2370 1081 parentibusque
2408 1006 2887 1079 patronorum
2924 1003 3001 1057 et

630 1111 1057 1184 patronarum
1087 1102 1260 1167 hunc
1292 1111 1585 1186 praestat
1615 1101 1954 1178 honorem,
1989 1111 2062 1166 ut
2094 1121 2227 1164 non
2264 1100 2459 1164 aliter
2486 1099 2698 1163 liceat
2730 1098 2997 1161 liberis

632 1204 1014 1288 libertisque
1045 1228 1158 1271 eos
1187 1206 1254 1270 in
1287 1207 1386 1270 ius
1407 1226 1659 1281 vocare,
1687 1226 1887 1289 quam
1918 1206 1972 1269 si
2004 1205 2069 1269 id
2095 1205 2183 1270 ab
2214 1206 2356 1287 ipso
2380 1213 2697 1288 praetore
2722 1212 2993 1285 postu-

633 1308 911 1374 laverint
956 1320 1023 1375 et
1067 1311 1596 1394 impetraverint:
1646 1320 1715 1375 et
1760 1312 1813 1373 si
1859 1312 2010 1391 quis
2049 1308 2240 1373 aliter
2274 1308 2627 1383 vocaverit,
2680 1306 2755 1369 in
2809 1322 2989 1370 eum

632 1433 918 1494 poenam
950 1414 1308 1480 solidorum
1340 1415 1821 1498 quinquaginta
1852 1412 2213 1478 constituit.

1658 1638 1889 1704 XVII.

1395 1818 1494 1869 DE
1541 1816 1838 1869 OFF1c1o
1884 1814 2184 1867 1Un1c1S.

720 1966 1054 2051 Superest,
1100 1976 1174 2031 ut
1219 1968 1305 2032 de
1349 1967 1564 2032 officio
1609 1966 1843 2032 iudicis
1887 1967 2331 2050 dispiciamus.
2421 1975 2490 2031 et
2542 1966 2835 2049 quidem
2900 1966 2975 2030 in

632 2072 862 2153 primis
905 2071 1070 2135 illud
1119 2073 1468 2135 observare
1520 2072 1724 2136 debet
1778 2071 2000 2146 iudex,
2051 2091 2135 2134 ne
2182 2071 2374 2136 aliter
2417 2072 2691 2148 iudicet,
2742 2092 2973 2155 quam

575 2174 889 2257 llegibus
935 2184 1050 2239 aut
1097 2175 1681 2240 constitutionibus
1730 2184 1848 2239 aut
1897 2175 2187 2239 moribus
2240 2176 2575 2258 proditum
2630 2187 2762 2240 est.
2866 2174 2971 2237 Et

632 2278 782 2342 ideo
835 2278 888 2341 si
945 2279 1175 2342 noxali
1227 2280 1469 2344 iudicio
1526 2279 1832 2343 addictus
1892 2287 2011 2357 est,
2060 2279 2409 2344 observare
2459 2280 2683 2357 debet,
2742 2288 2845 2353 ut,
2906 2279 2967 2341 si

631 2383 1174 2446 condemnandus
1226 2383 1558 2446 videbitur
1615 2383 1939 2462 domium,
2003 2384 2095 2447 ita
2155 2384 2397 2447 debeat
2456 2382 2965 2448 condemnare:

632 2484 972 2547 ‘Publium
1023 2484 1356 2564 Maevium
1405 2486 1613 2550 Lucio
1653 2486 1834 2550 Titio
1872 2487 2105 2551 decem
2146 2488 2361 2550 aureis
2403 2486 2787 2551 condemno
2836 2494 2966 2549 aut

570 2599 606 2652 2
632 2609 881 2652 noxam
912 2587 1194 2655 dedere.’
1285 2591 1377 2656 Et
1409 2593 1462 2656 si
1496 2593 1560 2654 in
1593 2611 1733 2654 rem
1766 2600 1988 2656 actum
2020 2592 2122 2671 sit,
2154 2592 2291 2656 sive
2322 2601 2551 2656 contra
2584 2591 2959 2673 petitorem

633 2891 680 2944 2,
709 2875 853 2932 ‘hoc
889 2878 1082 2934 edicto
1118 2880 1480 2937 continentur
1505 2881 1680 2938 etiam
1716 2899 1931 2951 omnes,
1958 2882 2053 2954 qui
2080 2881 2268 2938 edicto
2300 2881 2575 2953 praetoris
2610 2891 2671 2936 ut
2698 2879 2959 2937 infames

629 2970 930 3016 notantur:
972 2962 1066 3034 qui
1102 2981 1302 3020 omnes
1333 2965 1441 3020 nisi
1479 2984 1583 3037 pro
1618 2983 1680 3022 se
1717 2977 1773 3022 et
1812 2967 1980 3022 certis
2016 2967 2275 3037 personis
2310 2985 2384 3022 ne
2417 2967 2737 3037 postulent'
2762 2966 2843 3021 ib.
2877 2967 2960 3032 8),

627 3044 745 3098 and
771 3046 893 3099 also
919 3063 1033 3101 was
1060 3057 1120 3101 to
1146 3065 1182 3102 a
1206 3049 1359 3118 large
1385 3059 1575 3104 extent
1602 3049 1903 3120 incapable
1930 3050 1994 3104 of
2018 3049 2191 3120 being
2216 3049 2582 3121 represented
2606 3049 2853 3104 himself
2876 3050 2957 3118 by

630 3143 704 3181 an
725 3139 896 3197 agent
923 3128 979 3183 in
998 3131 1144 3200 legal
1165 3147 1413 3202 proceSS,
1435 3132 1545 3188 Tit.
1571 3146 1648 3200 13.
1678 3148 1697 3187 1
1714 3148 1733 3187 1
1760 3133 1873 3188 and
1895 3144 2059 3188 notes
2074 3151 2224 3204 supr.
2249 3150 2263 3201 3
2302 3134 2494 3203 finally
2512 3131 2727 3187 certain
2748 3132 2953 3186 matri-

632 3211 844 3266 monial
872 3212 1209 3270 disabilities
1235 3233 1379 3270 were
1407 3216 1667 3286 imposed
1699 3234 1773 3271 on
1808 3217 1927 3270 him
1952 3216 2030 3286 by
2054 3219 2152 3272 the
2185 3219 2275 3272 lex
2310 3217 2455 3272 Iulia
2485 3217 2559 3271 de
2586 3215 2953 3286 maritandis,

633 3293 863 3365 Ulpian',
903 3313 1020 3367 reg.
1053 3311 1132 3365 13.
1166 3312 1210 3353 1.
1237 3312 1286 3352 2.
1383 3300 1582 3355 Under
1613 3299 1915 3370 justinian,
1950 3301 2226 3371 however,
2264 3311 2415 3356 most
2452 3300 2516 3355 of
2543 3301 2705 3355 these
2740 3315 2953 3356 conse-

630 3394 880 3447 quences
909 3398 1055 3435 were
1081 3379 1430 3452 inoperative
1457 3400 1521 3437 or
1545 3383 1817 3439 obsolete.

701 3461 815 3514 For
834 3462 931 3517 the
951 3463 1221 3534 meaning
1238 3465 1305 3519 of
1315 3465 1467 3520 actio
1493 3466 1711 3522 directa
1736 3466 1792 3521 in
1820 3467 1933 3521 this
1958 3465 2297 3522 connection
2319 3485 2413 3522 see
2430 3483 2486 3537 p.
2504 3467 2607 3536 383
2624 3483 2779 3535 supr.
2800 3484 2815 3530 ;
2858 3465 2951 3520 sor

629 3541 844 3612 ‘pacti’
888 3544 958 3598 cf.
987 3545 1120 3616 Dig.
1146 3561 1195 3615 3.
1226 3563 1276 3603 2.
1302 3548 1351 3603 6.
1381 3563 1414 3618 3
1439 3549 1554 3604 and
1592 3565 1627 3617 4
1667 3549 1932 3620 ‘pactum
1981 3550 2063 3604 sic
2112 3548 2440 3620 accipimus,
2482 3548 2529 3604 si
2574 3565 2705 3603 curn
2756 3549 2947 3617 pretio

629 3635 1070 3698 quantocunque
1117 3640 1318 3699 pactus
1375 3633 1497 3702 est,’
1536 3632 1679 3687 Cod.
1707 3648 1754 3687 2.
1790 3647 1870 3687 12.
1905 3634 1967 3687 18
2004 3634 2231 3688 ‘verum
2286 3643 2483 3703 pactos
2536 3648 2635 3686 eos
2686 3631 2945 3698 demum,

627 3707 724 3778 qui
763 3709 906 3764 ullos
943 3710 1282 3768 adversariis
1321 3733 1584 3771 nummos
1622 3733 1727 3786 pro
1761 3718 1912 3772 mala
1952 3715 2304 3772 conscientia
2335 3734 2403 3772 ex
2427 3715 2813 3771 transactione
2840 3733 2947 3770 nu-

629 3803 962 3862 merassent,
991 3793 1048 3849 in
1075 3795 1182 3851 hac
1209 3814 1382 3853 causa
1407 3799 1619 3868 placuit
1647 3797 1931 3869 intellegi.’
2004 3802 2130 3855 The
2156 3797 2581 3870 compounding
2614 3797 2681 3851 of
2704 3815 2743 3852 a
2768 3797 2947 3852 delict

627 3874 714 3929 for
739 3891 950 3946 money
974 3877 1020 3931 is
1048 3895 1112 3934 as
1137 3879 1254 3934 bad
1279 3898 1342 3934 as
1368 3881 1542 3952 being
1565 3882 1742 3937 found
1768 3883 1947 3954 guilty
1970 3884 2034 3937 of
2052 3883 2263 3954 having
2288 3881 2619 3938 committed
2646 3881 2703 3936 it.

701 3955 730 4028 ξ
757 3961 814 4014 3.
854 3960 970 4014 For
993 3961 1090 4016 the
1115 3963 1260 4017 sorm
1287 3965 1352 4018 of
1377 3981 1673 4020 summons
1700 3967 1880 4022 under
1912 3967 2193 4037 justinian
2230 3983 2325 4022 see
2356 3983 2429 4020 on
2456 3965 2569 4020 Tit.
2594 3965 2648 4019 6.
2674 3979 2745 4031 24
2769 3981 2946 4035 supr„

628 4042 745 4098 and
769 4042 854 4098 for
879 4045 976 4099 the
1001 4062 1296 4103 summons
1332 4049 1398 4103 of
1424 4060 1657 4119 parents
1694 4051 1811 4105 and
1848 4061 2083 4122 patrons
2118 4051 2353 4108 without
2386 4052 2484 4107 the
2516 4051 2791 4121 praetor’s
2815 4067 2947 4121 per-

629 4125 864 4182 mission
890 4129 961 4183 cs.
992 4129 1171 4185 Gaius
1198 4130 1266 4185 iv.
1296 4130 1383 4198 46.

699 4213 817 4265 Tit..
845 4215 1056 4268 XVII.
1085 4216 1132 4268 L
1177 4215 1291 4268 For
1327 4216 1494 4269 noxal
1531 4215 1753 4271 actions
1792 4235 1889 4272 see
1925 4217 2035 4273 Tit.
2070 4218 2103 4273 8
2139 4235 2289 4288 supr.
2316 4217 2432 4273 and
2462 4228 2663 4272 notes:
2702 4215 2773 4272 ef.
2806 4217 2947 4288 Dig.

629 4307 712 4361 42.
750 4309 791 4348 1.
818 4293 871 4349 6.
905 4310 924 4348 1
971 4297 985 4324 ⁶
1005 4295 1204 4351 decem
1254 4308 1350 4352 aut
1401 4315 1582 4354 noxae
1631 4300 1837 4356 dedere
1888 4302 2301 4357 condemnatus
2351 4301 2583 4356 iudicati
2633 4300 2693 4355 in
2738 4302 2945 4356 decern

631 4386 870 4446 tenetur,
898 4378 1224 4434 facultatem
1253 4391 1446 4436 autem
1470 4400 1654 4438 noxae
1680 4384 1925 4439 dedendi
1952 4403 2021 4440 ex
2050 4386 2175 4454 lege
2199 4383 2405 4455 accipit
2430 4403 2443 4440 ε
2482 4395 2539 4440 at
2568 4383 2617 4439 is
2641 4383 2737 4455 qui
2766 4382 2946 4455 stipu-

638 4460 788 4514 latus
814 4471 900 4515 est
927 4461 1126 4517 decem
1153 4475 1249 4520 aut
1277 4481 1459 4520 noxae
1484 4467 1694 4522 dedere
1719 4483 1833 4522 non
1860 4476 2048 4538 potest
2074 4468 2274 4523 decem
2300 4469 2526 4537 petere!

713 4540 740 4612 ξ
771 4546 828 4598 2.
865 4545 917 4598 Α
939 4545 1247 4603 defendant
1267 4549 1452 4604 would
1472 4549 1544 4605 be
1563 4550 1800 4607 entitled
1820 4561 1878 4606 to
1896 4552 2034 4607 time
2054 4552 2141 4606 for
2158 4569 2194 4606 a
2212 4551 2491 4607 restitutio
2527 4550 2651 4607 that
2672 4550 2721 4606 is
2742 4561 2805 4606 to
2822 4568 2946 4622 say,
