3230 5116
527 417 556 461 1
576 418 599 464 1
614 416 651 465 2
931 406 1640 464 INSTITUTIONUM
1675 407 1917 464 LIBRI
1949 407 2425 481 QUATTUOR.
2643 410 2772 477 [Lib.
2795 416 2836 466 1.

522 572 837 638 curatoris
895 574 1186 640 habendi
1250 574 1480 659 gratia,
1554 584 1671 640 aut
1765 575 2074 640 ancillam
2151 576 2550 640 matrimonii
2617 597 2834 657 causa,

521 678 681 740 dum
732 688 958 743 tamen
1006 680 1178 744 intra
1225 700 1348 743 sex
1390 700 1651 745 menses
1693 701 1863 744 uxor
1905 680 2202 757 ducatur,
2253 681 2374 744 nisi
2428 681 2599 744 iusta
2635 702 2834 745 causa

520 782 857 864 impediat,
891 792 959 846 et
1000 784 1112 866 qui
1154 784 1638 848 manumittitur
1679 785 2116 867 procuratoris
2161 782 2452 848 habendi
2487 787 2701 867 gratia
2747 806 2832 849 ne

460 894 495 949 6
523 887 736 950 minor
778 897 1035 969 septem
1091 897 1160 951 et
1206 888 1437 951 decem
1490 888 1678 952 annis
1724 890 2243 952 manumittatur.
2335 886 2561 952 Semel
2608 898 2830 952 autern

520 1010 716 1054 causa
745 991 1133 1074 adprobata,
1165 992 1302 1055 sive
1332 1012 1487 1056 vera
1517 993 1654 1057 sive
1687 992 1852 1056 falsa
1884 994 1985 1071 sit,
2017 1012 2150 1056 non
2185 1000 2588 1057 retractatur.

612 1095 783 1161 Cum
833 1116 990 1179 ergo
1052 1105 1263 1161 certus
1317 1097 1553 1161 modus
1606 1097 2119 1161 manumittendi
2187 1097 2545 1161 minoribus
2599 1098 2830 1181 viginti

461 1214 495 1266 '7
520 1199 709 1265 annis
763 1200 1047 1263 dominis
1104 1221 1224 1282 per
1286 1200 1502 1284 legem
1563 1199 1832 1265 Aeliam
1904 1199 2208 1265 Sentiam
2267 1202 2662 1265 constitutus
2729 1202 2832 1279 sit,

522 1303 885 1379 eveniebat,
917 1312 1011 1379 ut,
1045 1304 1155 1387 qui
1187 1304 1715 1387 quattuordecim
1747 1325 1955 1368 annos
1985 1305 2224 1368 aetatis
2267 1305 2648 1387 expleverit,
2677 1303 2832 1369 licet

521 1416 994 1472 testamentum
1046 1408 1260 1472 facere
1310 1408 1519 1491 possit
1562 1416 1636 1471 -et
1687 1409 1753 1471 in
1807 1429 1887 1472 eo
1939 1407 2252 1472 heredem
2306 1408 2430 1472 sibi
2492 1410 2832 1473 instituere

520 1508 870 1593 legataque
923 1510 1290 1593 relinquere
1338 1511 1565 1595 possit,
1612 1520 1861 1587 tamen,
1905 1512 1958 1575 si
2007 1510 2225 1575 adhuc
2273 1513 2489 1575 minor
2517 1512 2603 1576 sit
2643 1513 2829 1577 annis

517 1614 773 1697 viginti,
821 1613 1196 1680 libertatem
1248 1636 1437 1679 servo
1496 1616 1656 1679 dare
1717 1636 1850 1679 non
1901 1624 2179 1699 poterat.
2269 1616 2447 1699 quod
2507 1638 2640 1680 non
2689 1626 2830 1681 erat

520 1716 881 1797 ferendum,
912 1720 967 1783 si
998 1720 1073 1796 is,
1104 1719 1206 1783 cui
1240 1728 1528 1784 totorum
1570 1719 1893 1783 bonorum
1936 1721 2004 1783 in
2046 1728 2449 1785 testamento
2487 1721 2830 1803 dispositio

519 1823 681 1887 data
710 1830 869 1901 erat,
893 1823 1003 1886 uni
1034 1844 1221 1887 servo
1251 1824 1632 1888 libertatem
1665 1825 1822 1888 dare
1854 1844 1986 1887 non
2019 1823 2538 1907 permittebatur.
2627 1844 2831 1907 quare

521 1945 641 1990 nos
694 1926 992 1991 similiter
1044 1928 1103 1991 ei
1156 1928 1720 2011 quemadmodum
1763 1926 1928 1992 alias
1988 1947 2090 1991 res
2145 1927 2238 1992 ita
2287 1936 2356 1991 et
2411 1948 2634 1993 servos
2677 1950 2830 1993 suos

519 2031 587 2094 in
637 2031 873 2095 ultima
918 2031 1259 2097 voluntate
1322 2033 1672 2116 disponere
1735 2033 2301 2114 quemadmodum
2353 2032 2631 2097 voluerit
2682 2054 2831 2118 per-

520 2136 867 2213 mittimus,
912 2146 984 2201 ut
1045 2145 1113 2202 et
1172 2137 1548 2201 libertatem
1612 2138 1706 2201 eis
1765 2138 1974 2219 possit
2038 2146 2393 2219 praestare.
2505 2138 2624 2201 sed
2677 2159 2825 2202 cum

520 2238 791 2304 libertas
851 2240 1346 2306 inaestimabilis
1406 2249 1508 2305 est
1569 2249 1637 2304 et
1697 2251 1967 2323 propter
2021 2239 2149 2304 hoc
2224 2251 2381 2305 ante
2438 2242 2825 2305 vicesimum

519 2344 757 2406 aetatis
805 2365 1048 2407 annum
1077 2345 1467 2427 ,antiquitas
1526 2343 1902 2409 libertatem
1963 2364 2152 2407 servo
2205 2344 2343 2407 dari
2394 2344 2824 2427 prohibebat:

519 2445 671 2509 ideo
730 2467 851 2510 nos
912 2446 1200 2511 mediam
1265 2447 1762 2529 quodammodo
1824 2448 1998 2511 viam
2069 2446 2389 2531 eligentes
2447 2468 2579 2512 non
2637 2448 2828 2513 aliter

519 2549 753 2614 minori
793 2550 1025 2634 viginti
1074 2551 1263 2616 annis
1300 2550 1678 2616 libertatem
1725 2550 1790 2616 in
1836 2561 2239 2617 testamento
2276 2552 2434 2617 dare
2479 2573 2667 2617 servo
2705 2575 2824 2618 suo

518 2655 955 2731 concedimus,
993 2656 1115 2718 nisi
1160 2656 1517 2738 septimum
1564 2664 1633 2720 et
1676 2655 2005 2720 decimum
2051 2677 2294 2720 annum
2342 2655 2709 2740 impleverit
2756 2667 2826 2722 et

515 2769 821 2823 octavum
862 2759 1193 2823 decimum
1239 2759 1548 2843 tetigerit.
1640 2779 1790 2824 cum
1838 2761 2013 2824 enirn
2051 2761 2408 2843 antiquitas
2448 2760 2823 2826 huiusmodi

516 2863 721 2928 aetati
752 2872 820 2927 et
849 2883 969 2946 pro
998 2862 1141 2928 aliis
1171 2863 1505 2946 postulare
1550 2867 1895 2940 concessit,
1929 2885 2042 2929 cur
2069 2885 2202 2928 non
2242 2865 2446 2929 etiam
2477 2866 2574 2928 sui
2605 2865 2825 2929 iudicii

515 2967 840 3032 stabilitas
884 2969 978 3031 ita
1023 2988 1136 3031 eos
1180 2967 1491 3033 adiuvare
1535 2969 1854 3048 credatur,
1884 2978 1958 3034 ut
1989 2976 2057 3033 et
2087 2968 2173 3033 ad
2201 2968 2540 3034 libertates
2570 2969 2825 3034 dandas

516 3072 719 3136 servis
750 3073 885 3136 suis
914 3072 1167 3154 possint
1198 3072 1586 3155 provenire?

518 3284 697 3352 tarch‚
725 3283 797 3339 de
823 3283 984 3340 educ.
1011 3283 1201 3340 liberis
1228 3298 1278 3353 7,
1305 3285 1555 3353 Plautus,
1580 3293 1810 3339 mercat.
1839 3285 2052 3354 prolog.
2083 3283 2168 3352 89,
2200 3282 2331 3353 Dig.
2356 3297 2441 3350 40.
2475 3294 2522 3351 ς.
2549 3296 2636 3353 35.
2696 3284 2821 3338 The

517 3365 821 3423 difference
857 3369 1113 3422 between
1150 3367 1517 3437 paedagogus
1558 3366 1674 3420 and
1723 3366 1999 3420 educator
2034 3365 2082 3420 is
2120 3367 2368 3435 perhaps
2407 3365 2529 3420 that
2567 3365 2665 3419 the
2701 3365 2817 3434 boy

515 3449 727 3518 passed
750 3449 895 3504 from
928 3451 1025 3505 the
1059 3451 1266 3520 charge
1292 3450 1358 3504 of
1382 3450 1482 3505 the
1514 3449 1637 3503 first
1668 3459 1727 3504 to
1760 3449 1885 3503 that
1917 3447 1983 3502 of
2011 3449 2108 3502 the
2146 3447 2360 3502 second
2393 3457 2450 3502 at
2483 3449 2582 3502 the
2617 3464 2724 3516 age
2762 3446 2830 3501 of

516 3533 716 3587 twelve
741 3549 805 3586 or
829 3533 1193 3587 thereabouts
1218 3553 1233 3600 ;
1274 3532 1438 3602 Apul.
1470 3533 1611 3586 Met.
1631 3550 1682 3586 x.
1701 3547 1757 3600 p.
1779 3531 1900 3597 687.

585 3620 679 3674 An
723 3619 930 3674 ancilla
971 3618 1349 3674 manumitted
1392 3618 1525 3673 with
1568 3619 1668 3673 the
1711 3626 1950 3673 consent
1993 3617 2062 3671 of
2099 3617 2197 3672 the
2249 3615 2552 3672 concilium
2600 3632 2675 3670 on
2717 3617 2819 3672 the

518 3701 740 3771 ground
771 3703 895 3757 that
930 3703 1027 3757 the
1060 3701 1325 3757 dominus
1362 3700 1635 3756 intended
1664 3709 1725 3755 to
1761 3717 1952 3770 marry
1974 3701 2079 3754 her
2110 3699 2208 3754 did
2240 3708 2342 3754 not
2376 3699 2614 3754 become
2652 3700 2816 3755 abso·

514 3785 688 3854 lutely
716 3785 834 3840 free
872 3784 1011 3840 until
1048 3786 1144 3841 the
1183 3785 1461 3854 marriage
1499 3784 1636 3839 took
1672 3785 1853 3855 place,
1882 3782 2016 3852 Dig.
2042 3798 2130 3850 40.
2157 3798 2208 3852 9.
2243 3797 2344 3852 193
2388 3796 2476 3848 40.
2504 3797 2553 3838 2.
2583 3798 2685 3849 213
2722 3783 2819 3838 the

515 3877 712 3924 senate
750 3868 1009 3940 required
1044 3871 1144 3924 the
1182 3879 1395 3924 master
1417 3877 1477 3923 to
1503 3884 1682 3923 swear
1714 3867 1788 3922 he
1813 3866 2000 3921 would
2035 3883 2224 3936 marry
2247 3865 2352 3920 her
2377 3865 2569 3921 within
2600 3866 2697 3921 the
2732 3863 2818 3920 six

517 3953 765 4022 months,
794 3952 926 4022 Dig.
953 3967 1040 4019 40.
1068 3968 1119 4007 2.
1155 3966 1235 4021 13.

584 4035 668 4089 As
705 4051 947 4106 appears
984 4035 1129 4089 from
1162 4037 1193 4103 §
1231 4048 1263 4102 7
1306 4033 1421 4103 infi,
1459 4050 1535 4089 no
1572 4049 1682 4088 one
1720 4049 1834 4088 was
1873 4032 2112 4088 allowed
2154 4041 2215 4086 to
2258 4039 2350 4086 act
2387 4048 2453 4085 as
2490 4032 2818 4101 processual

514 4127 685 4187 agent
722 4119 809 4172 for
844 4105 1101 4173 another'
1121 4117 1261 4173 until
1290 4118 1364 4172 he
1390 4134 1505 4172 was
1546 4126 1854 4172 seventeen
1893 4133 2056 4186 years
2094 4114 2162 4168 of
2189 4131 2312 4185 age,
2350 4114 2496 4169 from
2523 4115 2707 4169 which
2733 4132 2818 4171 we

514 4217 647 4269 may
684 4201 828 4257 infer
862 4201 986 4256 that
1022 4199 1207 4256 liberti
1247 4217 1393 4256 were
1438 4199 1581 4256 used
1624 4217 1689 4256 as
1732 4209 2092 4272 procurators
2129 4197 2344 4268 mainly
2381 4196 2440 4252 in
2483 4207 2720 4254 matters
2757 4197 2826 4253 of

517 4279 815 4352 litigation.

585 4365 615 4432 §
644 4367 699 4422 7.
738 4366 827 4434 By
860 4366 1009 4420 Nov.
1042 4379 1157 4434 119.
1185 4379 1216 4418 2
1250 4363 1535 4435 Justinian
1573 4363 1818 4421 enabled
1856 4362 2071 4418 domini
2109 4372 2170 4418 to
2206 4361 2484 4418 manumit
2523 4362 2708 4418 slaves
2741 4361 2819 4431 by

518 4447 629 4504 will
655 4447 1043 4520 immediately
1067 4448 1203 4519 they
1226 4448 1343 4505 had
1368 4447 1692 4520 completed
1718 4447 1864 4504 their
1887 4447 2206 4504 fourteenth
2232 4464 2385 4518 year.
