3230 5116
557 368 680 457 238
963 379 1114 436 INS
1117 379 1172 450 T
1164 379 1208 434 I
1207 379 1262 434 T
1264 379 1376 435 UT
1371 378 1663 436 IONUM
1694 377 1935 434 LIBRI
1970 377 2445 450 QUATTUOR.
2636 383 2765 450 [Lib.
2786 389 2853 439 Π.

491 545 529 600 5
642 543 926 610 Possunt
947 555 1172 610 autem
1203 554 1410 610 testes
1439 563 1673 609 omnes
1702 551 1770 608 et
1799 563 1933 608 uno
1968 543 2167 609 anulo
2196 545 2455 629 signare
2485 554 2851 612 testamen-

555 657 700 712 tum
743 646 928 735 (quid
975 650 1170 728 enim,
1221 651 1274 714 si
1323 658 1582 732 septem
1632 647 1813 712 anuli
1854 668 1987 711 una
2026 648 2362 731 sculptura
2392 650 2633 716 fuerint
2650 649 2705 738 ?)
2750 673 2851 717 se-

553 752 844 816 cundum
897 755 1076 836 quod
1130 753 1498 835 Pomponio
1543 752 1758 816 visum
1808 760 1929 816 est.
2034 753 2153 816 sed
2200 763 2270 818 et
2316 754 2534 819 alieno
2584 775 2853 839 quoque

491 860 530 916 6
555 856 755 921 anulo
804 857 959 921 licet
1005 858 1283 940 signare.
1372 856 1612 922 Testes
1658 865 1883 920 autem
1932 855 2230 921 adhiberi
2280 867 2557 940 possunt
2600 859 2663 937 ii,
2698 878 2852 922 cum

553 959 796 1043 quibus
819 961 1198 1024 testamenti
1228 960 1428 1025 factio
1459 969 1580 1024 est.
1649 961 1767 1024 sed
1799 980 2013 1042 neque
2046 961 2281 1025 mulier
2310 981 2525 1045 neque
2548 963 2853 1044 impubes

556 1083 770 1147 neque
809 1084 1034 1128 servus
1080 1084 1294 1148 neque
1341 1075 1562 1130 mutus
1614 1084 1829 1147 neque
1864 1064 2101 1128 surdus
2146 1086 2361 1149 neque
2404 1067 2685 1132 furiosus
2730 1085 2851 1130 nec

553 1172 660 1234 cui
691 1171 882 1235 bonis
911 1170 1330 1235 interdictum
1361 1179 1463 1235 est
1499 1189 1621 1234 nec
1662 1169 1735 1244 is,
1767 1189 1966 1252 quem
1997 1168 2179 1252 leges
2208 1170 2439 1234 iubent
2471 1169 2847 1254 improbum

555 1273 1134 1356 intestabilemque
1178 1294 1340 1352 esse,
1400 1283 1683 1356 possunt
1732 1274 1800 1336 in
1860 1293 2135 1337 numero
2201 1275 2471 1338 testium
2530 1272 2850 1338 adhiberi.

494 1389 529 1443 7
559 1377 696 1444 Sed
729 1398 878 1442 cum
908 1378 1146 1460 aliquis
1180 1399 1268 1441 ex
1307 1377 1588 1442 testibus
1627 1377 2011 1442 testamenti
2056 1378 2331 1460 quidem
2368 1378 2653 1443 faciendi
2682 1387 2851 1442 tem-

555 1500 718 1564 pore
765 1481 934 1544 liber
980 1481 1501 1559 existimabatur,
1552 1488 1788 1563 postea
1838 1500 1995 1544 vero
2052 1499 2280 1544 servus
2331 1483 2657 1564 apparuit,
2709 1490 2850 1544 tam

555 1583 746 1648 divus
788 1584 1168 1648 Hadrianus
1209 1581 1491 1648 Catonio
1529 1583 1709 1647 Vero
1753 1603 1955 1666 quam
1994 1593 2229 1666 postea
2272 1585 2407 1648 divi
2456 1583 2738 1650 Severus
2782 1593 2851 1648 et

555 1687 940 1753 Antoninus
971 1689 1436 1771 rescripserunt
1467 1687 1813 1751 subvenire
1850 1708 1922 1751 se
1953 1708 2041 1751 ex
2070 1709 2191 1752 sua
2222 1688 2617 1753 liberalitate
2646 1697 2849 1753 testa-

557 1800 801 1866 ment0‚
837 1801 910 1856 ut
939 1792 1032 1856 sic
1061 1790 1399 1870 habeatur,
1439 1801 1644 1873 atque
1682 1790 1739 1854 si
1780 1799 1855 1854 ut
1898 1802 2163 1874 oportet
2192 1791 2444 1856 factum
2476 1801 2667 1871 esset,
2698 1811 2849 1857 cum

555 1916 638 1959 eo
679 1905 993 1979 tempore,
1033 1917 1166 1980 quo
1212 1905 1690 1960 testamentum
1738 1895 2123 1978 signaretur,
2176 1897 2475 1960 omnium
2525 1915 2849 1960 consensu

553 1998 664 2064 hic
713 2001 902 2066 testis
953 2000 1310 2064 liberorum
1366 1999 1514 2064 loco
1575 1998 1771 2064 suerit
1815 2019 1935 2064 nec
1978 1999 2331 2082 quisquam
2383 2009 2574 2074 esset,
2628 2000 2741 2083 qui
2788 1998 2851 2064 ei

490 2111 528 2166 8
557 2111 768 2168 status
803 2105 1258 2187 quaestionem
1305 2113 1587 2168 moveat.
1680 2103 1878 2167 Pater
1920 2124 2041 2168 nec
2087 2124 2221 2167 non
2266 2105 2343 2182 is,
2380 2106 2496 2188 qui
2529 2106 2596 2167 in
2626 2113 2847 2187 potes-

553 2216 693 2271 tate
723 2209 862 2271 eius
891 2218 1008 2286 est,
1039 2209 1198 2271 item
1229 2209 1363 2270 duo
1393 2207 1643 2281 fratres,
1686 2207 1799 2289 qui
1836 2207 1905 2269 in
1945 2207 2241 2272 eiusdem
2273 2209 2481 2290 patris
2510 2215 2849 2290 potestate

554 2417 824 2474 Claudius
859 2418 1152 2488 subjected
1188 2419 1287 2473 the
1329 2417 1514 2472 writer
1553 2425 1615 2472 to
1656 2417 1754 2472 the
1796 2416 2073 2487 penalties
2116 2418 2182 2472 of
2210 2418 2309 2474 the
2350 2420 2439 2474 lex
2474 2417 2739 2474 Cornelia
2774 2416 2849 2474 de

549 2501 726 2571 salsis,
753 2501 858 2556 Bk.
885 2499 958 2556 iv.
989 2503 1071 2558 18.
1096 2514 1127 2569 7
1155 2500 1253 2556 inf.

621 2585 652 2652 ᾧ
680 2586 737 2640 8.
777 2584 1052 2655 Capacity
1075 2602 1190 2639 was
1225 2583 1485 2655 required
1515 2582 1572 2639 in
1598 2600 1636 2638 a
1660 2582 1886 2639 witness
1920 2585 2055 2655 only
2078 2593 2137 2640 at
2162 2586 2260 2641 the
2284 2585 2423 2641 time
2447 2584 2513 2641 of
2529 2586 2627 2641 the
2652 2598 2851 2641 execu-

548 2667 670 2724 tion
703 2668 769 2722 οἱ
785 2668 882 2723 the
908 2667 1032 2723 will.
1107 2667 1460 2723 Testamenti
1499 2666 1673 2723 factio
1711 2684 1911 2723 means
1946 2669 2207 2739 capacity
2233 2670 2314 2740 (a)
2351 2679 2413 2724 to
2444 2670 2614 2725 make
2651 2686 2688 2723 a
2722 2666 2850 2736 will,

551 2750 626 2820 (b)
653 2760 711 2805 to
736 2750 870 2806 take
893 2750 1074 2805 under
1096 2767 1135 2806 a
1157 2750 1266 2804 will
1295 2748 1478 2806 either
1511 2766 1576 2805 as
1613 2750 1779 2807 heres
1805 2766 1871 2806 or
1894 2750 2130 2821 legatee,
2159 2751 2232 2821 (c)
2265 2768 2331 2807 as
2355 2752 2510 2821 here,
2536 2763 2598 2807 to
2624 2750 2850 2805 witness

548 2850 586 2888 a
609 2833 720 2889 will
744 2854 759 2901 ;
795 2834 892 2889 the
916 2850 1180 2889 common
1206 2835 1452 2892 clement
1489 2850 1678 2889 seems
1713 2842 1773 2889 to
1810 2834 1883 2889 be
1920 2834 2019 2889 the
2050 2850 2321 2905 presence
2346 2834 2412 2889 of
2429 2832 2850 2902 commercium,

547 2918 638 2972 sor
674 2917 860 2973 slaves
900 2918 1068 2973 could
1105 2918 1180 2973 be
1217 2916 1511 2974 instituted
1547 2933 1614 2973 or
1648 2916 1820 2973 made
1856 2918 2105 2987 legatees
2143 2917 2201 2974 in
2236 2918 2417 2974 virtue
2461 2918 2526 2972 of
2560 2918 2657 2973 the
2699 2930 2851 2973 com·

548 3001 820 3057 mercium
857 3001 924 3055 of
951 3000 1098 3057 their
1133 3011 1379 3057 master:
1420 3002 1470 3055 ol
1499 3000 1689 3055 olaeae'rm
1720 3000 2029 3071 dns-pacm
2061 3000 2205 3058 ὄντες
2226 3002 2285 3057 ἐκ
2307 3006 2411 3056 τῦν
2430 3003 2729 3071 προσώπου
2749 3004 2851 3054 νῦν

547 3084 746 3139 οἷκείον
783 3084 1056 3139 δεσπότου
1095 3084 1550 3155 χορακτηρὶξοντω
1587 3084 1844 3154 Theoph.
1882 3082 1958 3139 ad
1994 3082 2069 3140 ἰίἰ.
2110 3097 2189 3151 ¹7·
2226 3102 2307 3155 pr.
2348 3084 2446 3140 inf.
2520 3084 2647 3139 The
2686 3081 2851 3137 other

547 3168 762 3223 classes
803 3167 870 3223 of
903 3184 1140 3239 persons
1176 3166 1506 3224 mentioned
1543 3166 1600 3222 in
1640 3166 1753 3221 this
1790 3166 1905 3223 and
1941 3167 2040 3222 the
2076 3167 2361 3237 following
2396 3166 2645 3223 sections
2682 3162 2851 3220 could

549 3262 650 3306 not
673 3252 746 3305 be
772 3250 1064 3307 witnesses
1088 3268 1162 3306 on
1189 3253 1353 3306 other
1373 3250 1626 3321 grounds
1652 3250 1791 3305 than
1817 3260 1965 3304 want
1991 3249 2057 3303 of
2074 3249 2493 3318 commercium,
2519 3258 2719 3318 except
2752 3248 2851 3303 the

548 3333 887 3390 interdicted
911 3334 1184 3403 prodigal,
1212 3332 1333 3389 ‘cui
1367 3332 1711 3389 commercio
1734 3331 2097 3387 interdictum
2120 3342 2207 3388 est
2224 3334 2239 3361 ’
2266 3332 2495 3401 Ulpian,
2520 3348 2635 3399 reg.
2656 3345 2743 3385 20.
2770 3343 2851 3396 13.

553 3416 804 3486 Improbi
831 3426 887 3471 et
913 3414 1264 3471 intestabiles
1289 3415 1530 3484 include,
1547 3413 1777 3469 besides
1802 3414 1898 3470 the
1924 3430 2056 3469 case
2076 3413 2403 3469 mentioned
2430 3414 2487 3467 in
2507 3413 2603 3468 the
2623 3411 2849 3465 Twelve

549 3496 761 3553 Tables
789 3498 938 3569 (‘qui
963 3515 1026 3553 se
1051 3497 1207 3553 sierit
1232 3496 1493 3553 testarier
1523 3496 1865 3567 libripensve
1896 3496 2079 3565 fuerit,
2105 3496 2163 3551 ni
2188 3495 2575 3552 testimonium
2600 3492 2848 3561 satiatur,

549 3578 840 3651 improbus
865 3579 1314 3652 intestabilisque
1347 3590 1470 3635 esto
1489 3580 1526 3649 ³)
1555 3578 1855 3634 convicted
1888 3578 2133 3635 libellers
2163 3578 2277 3633 and
2310 3579 2688 3649 lampooners,
2715 3573 2847 3645 Dig.

551 3664 637 3718 28.
670 3678 712 3717 1.
747 3664 828 3718 18.
860 3678 881 3718 ι
910 3682 925 3729 ;
959 3662 1220 3731 heretics,
1249 3661 1391 3717 Cod.
1423 3677 1470 3717 1.
1500 3674 1546 3731 5.
1569 3676 1646 3729 4;
1680 3662 1799 3715 and
1822 3671 2129 3731 apostates,
2158 3660 2300 3717 Cod.
2333 3676 2374 3716 1.
2402 3674 2451 3727 7.
2475 3675 2530 3727 4.
2604 3660 2849 3714 Persona

550 3744 850 3800 convicted
874 3746 940 3800 of
956 3745 1212 3813 adultery
1239 3744 1396 3815 (Dig.
1419 3758 1504 3801 22.
1535 3757 1582 3814 5.
1619 3744 1723 3813 15),
1748 3743 1864 3800 and
1900 3744 2145 3815 perhaps
2178 3744 2244 3798 of
2270 3742 2617 3815 repetundae
2644 3742 2741 3812 (ib.
2768 3754 2848 3810 ις.

553 3844 674 3898 pr.:
719 3844 821 3899 per
862 3838 1062 3885 contra
1089 3828 1302 3898 Ulpian
1339 3826 1398 3881 in
1437 3826 1568 3896 Dig.
1597 3828 1683 3881 28.
1715 3841 1762 3882 1.
1786 3840 1871 3883 2ο.
1902 3828 1955 3897 5)
2000 3844 2146 3883 were
2184 3828 2307 3883 also
2342 3824 2667 3897 prohibited
2703 3823 2849 3879 from

550 3910 724 3981 being
747 3909 1057 3967 witnesses.
1129 3911 1270 3967 Oral
1301 3918 1641 3966 testaments
1674 3908 1808 3980 only
1832 3911 1887 3981 (ξ
1922 3924 1985 3976 14
2010 3909 2131 3979 ins.)
2156 3910 2326 3966 could
2348 3910 2422 3966 be
2448 3908 2749 3965 witnessed
2772 3908 2851 3977 by

549 3994 712 4049 blind
735 4010 987 4065 persons.

621 4077 652 4144 ς
679 4080 736 4134 ’1.
771 4078 912 4133 This
936 4076 1170 4148 rescript
1198 4076 1264 4131 of
1283 4064 1544 4133 Hadrian
1569 4073 1617 4131 is
1644 4076 1703 4131 in
1730 4076 1869 4132 coa
1888 4076 1943 4131 6.
1964 4090 2051 4145 23.
2076 4091 2118 4132 1.
2172 4076 2455 4146 Probably
2478 4074 2551 4131 its
2574 4072 2850 4146 principle

550 4160 732 4229 might
756 4160 830 4216 be
853 4160 1135 4217 extended
1161 4172 1220 4216 to
1245 4161 1408 4216 other
1425 4176 1587 4216 cases
1606 4161 1673 4215 of
1690 4160 2025 4230 incapacity,
2045 4177 2121 4215 on
2145 4162 2243 4216 the
2266 4161 2513 4229 analogy
2530 4159 2595 4214 of
2609 4158 2741 4227 Dig.
2767 4171 2848 4223 14.

547 4244 599 4299 6.
629 4258 678 4313 3.
705 4261 789 4314 pr.
815 4244 910 4312 (de
937 4244 1050 4300 SC.
1079 4244 1521 4313 Macedoniano)
1560 4244 1637 4299 ‘si
1670 4242 1797 4316 quis
1827 4243 2292 4315 patremfamilias
2316 4261 2445 4299 esse
2469 4240 2709 4298 credidit
2732 4256 2848 4295 non

551 4342 701 4381 vana
735 4326 1097 4397 simplicitate
1133 4328 1407 4399 deceptus
1441 4344 1550 4384 nec
1587 4326 1722 4383 iuris
1758 4326 2093 4397 ignorantia,
2118 4326 2221 4382 sed
2250 4326 2385 4398 quia
2416 4324 2640 4397 publice
2664 4334 2848 4395 pater-

551 4409 794 4465 familias
829 4410 1112 4482 plerisque
1147 4410 1460 4481 videbatur,
1497 4411 1581 4466 sic
1618 4412 1844 4481 agebat,
1882 4410 1931 4467 si
1964 4410 2355 4479 contrahebat,
2396 4408 2480 4465 sic
2522 4407 2848 4465 muneribus

551 4492 906 4565 fungebatur,
929 4493 1178 4553 cessabit
1201 4496 1788 4553 senatusconsultum?
