3230 5116
403 404 506 456 Tit.
535 399 604 466 1.]
1085 398 1210 452 DE
1250 397 1557 452 RERUM
1591 396 2055 453 DIVISIONE.
2586 407 2706 473 199

404 563 545 629 Sed
591 563 644 627 si
687 563 906 647 gregis
939 583 1130 627 usum
1159 561 1445 626 fructum
1477 561 1625 645 quis
1665 560 1928 638 habeat,
1962 561 2029 624 in
2060 560 2279 626 locum
2326 560 2703 626 demortuo·
2732 576 2801 632 38

403 689 550 732 rum
612 669 905 750 capitum
966 689 1056 731 ex
1117 667 1255 730 fetu
1318 666 1709 730 fructuarius
1768 669 2185 731 summittere
2237 665 2455 744 debet,
2510 675 2585 729 ut
2637 675 2706 729 et

405 771 664 836 Iuliano
704 773 918 835 visum
961 782 1078 851 est,
1119 781 1185 836 et
1227 773 1293 834 in
1333 772 1676 835 vinearum
1724 772 2218 836 demortuarum
2249 770 2353 834 vel
2394 770 2704 833 arborum

402 875 621 940 locum
653 876 816 939 alias
840 876 1043 941 debet
1069 875 1482 939 substituere.
1545 884 1722 939 recte
1747 875 1923 938 enim
1948 875 2164 940 colere
2186 874 2387 939 debet
2418 883 2487 938 et
2517 873 2704 956 quasi

399 979 614 1044 bonus
645 989 835 1063 pater
868 980 1150 1044 familias
1181 981 1276 1043 uti
1309 979 1530 1043 debet.

488 1083 887 1161 ThesaurOS,
921 1104 1089 1166 quos
1119 1085 1268 1166 quis
1299 1085 1365 1147 in
1398 1104 1516 1147 suo
1549 1082 1698 1146 loco
1729 1083 2064 1158 invenerit,
2098 1083 2287 1147 dlvus
2322 1079 2701 1145 Hadrianus
2730 1085 2801 1152 39

397 1187 770 1251 naturalem
795 1189 1202 1270 aequitatem
1227 1196 1492 1252 secutus
1524 1189 1582 1250 ei
1617 1187 1937 1251 concessit
1959 1188 2072 1269 qui
2095 1187 2435 1250 invenerit.
2494 1183 2704 1248 idem-

399 1311 530 1373 que
560 1293 811 1370 statuit,
843 1292 897 1355 si
945 1291 1093 1375 quis
1131 1292 1196 1355 in
1240 1311 1424 1354 sacro
1460 1299 1577 1355 aut
1615 1292 1682 1354 in
1728 1291 2034 1374 religioso
2063 1290 2211 1354 loco
2242 1287 2517 1353 fortuito
2548 1309 2703 1352 casu

397 1397 740 1459 invenerit.
801 1405 872 1460 at
904 1396 958 1459 si
989 1398 1136 1479 quis
1170 1397 1234 1458 in
1269 1396 1489 1460 alieno
1521 1395 1668 1460 loco
1701 1415 1831 1466 non
1863 1396 2024 1459 data
2054 1395 2138 1459 ad
2170 1393 2298 1459 hoc
2333 1413 2553 1476 opera,
2583 1393 2702 1456 sed

397 1498 671 1564 fortuitu
719 1501 1054 1577 invenerit,
1087 1501 1435 1564 dimidium
1477 1500 1751 1563 domino
1797 1499 1919 1563 soli
1958 1499 2300 1564 concessit.
2361 1503 2430 1561 et
2467 1516 2701 1560 conve·

397 1603 670 1678 nienter,
703 1604 759 1666 si
790 1605 936 1686 quis
967 1604 1033 1666 in
1069 1601 1372 1667 Caesaris
1402 1604 1549 1667 loco
1581 1604 1921 1680 invenerit,
1946 1604 2297 1666 dimidium
2329 1601 2703 1678 inventoriS‚

397 1707 751 1770 dimidium
786 1705 1092 1771 Caesaris
1123 1727 1266 1780 esse
1297 1708 1551 1771 statuit.
1610 1707 1717 1771 cui
1763 1706 2157 1771 conveniens
2190 1713 2309 1781 est,
2342 1712 2434 1781 ut,
2468 1705 2523 1769 si
2554 1705 2702 1786 quis

395 1810 462 1872 in
523 1810 790 1892 publico
851 1811 998 1875 loco
1049 1812 1156 1874 vel
1218 1811 1422 1875 fiscali
1483 1812 1823 1886 invenerit,
1878 1811 2227 1874 dimidium
2280 1809 2483 1891 ipsius
2537 1829 2699 1881 esse,

395 1913 744 1978 dimidium
791 1913 930 1978 fisci
973 1914 1079 1978 vel
1126 1915 1431 1980 civitatis.

485 2015 610 2081 Per
639 2018 1066 2082 traditionem
1099 2039 1364 2101 quoque
1393 2020 1531 2082 iure
1556 2017 1841 2082 naturali
1874 2038 1975 2082 res
2008 2017 2195 2080 nobis
2225 2015 2697 2097 adquiruntur:
2725 2018 2797 2073 40

393 2120 556 2184 nihil
587 2123 763 2185 enim
796 2131 936 2187 tam
968 2123 1362 2186 conveniens
1400 2132 1502 2187 est
1549 2121 1833 2186 naturali
1869 2120 2207 2203 aequitati,
2237 2138 2439 2201 quam
2470 2118 2698 2182 volun·

393 2232 603 2289 tatem
651 2225 920 2305 domini,
957 2225 1242 2290 volentis
1289 2247 1426 2290 rem
1475 2247 1664 2289 suam
1709 2227 1776 2289 in
1822 2225 2024 2288 alium
2071 2222 2439 2298 transferre,
2488 2230 2701 2286 ratam

389 2327 640 2393 haberi.
703 2339 770 2394 et
815 2330 969 2394 ideo
1015 2332 1486 2413 cuiuscumque
1530 2331 1789 2413 generis
1834 2332 1920 2394 sit
1966 2327 2323 2412 corporalis
2365 2347 2489 2403 reS,
2521 2326 2699 2390 tradi

391 2442 616 2516 potest
642 2443 710 2500 et
727 2455 768 2506 a
792 2435 1064 2501 domino
1088 2437 1332 2499 tradita
1355 2435 1700 2510 alienatur.
1746 2437 1972 2518 itaque
1991 2432 2418 2516 stipendiaria
2436 2451 2702 2515 quoque

389 2700 468 2768 by
493 2698 677 2753 which
716 2698 764 2753 is
803 2707 994 2755 meant
1033 2699 1130 2754 the
1166 2708 1359 2754 return
1397 2700 1565 2754 made
1591 2699 1680 2754 sor
1704 2700 1801 2755 the
1834 2716 1935 2754 use
1967 2698 2034 2753 of
2064 2716 2099 2753 a
2130 2715 2221 2753 res
2246 2695 2469 2752 aliena:
2510 2695 2699 2767 ‘prae-

389 2783 612 2838 diorum
649 2783 992 2837 urbanorum
1029 2782 1334 2853 pensiones
1373 2800 1476 2853 pro
1512 2783 1787 2837 'fructibus
1825 2783 2206 2853 accipiuntur’
2248 2780 2383 2850 Dig.
2421 2795 2507 2835 22.
2541 2795 2581 2834 1.
2611 2779 2699 2847 36,

390 2866 406 2895 ‘
427 2867 721 2921 mercedes
757 2867 928 2936 plane
955 2883 990 2920 a
1016 2866 1233 2920 colonis
1260 2878 1532 2936 acceptae
1558 2868 1685 2921 loco
1714 2878 1844 2922 sunt
1868 2868 2151 2921 fructuum
2178 2884 2189 2919 :
2229 2881 2437 2934 operae
2474 2880 2700 2933 quoque

389 2966 679 3006 servorum
729 2949 788 3003 in
839 2948 1044 3004 eadem
1089 2958 1250 3004 erunt
1301 2966 1490 3019 causa,
1542 2966 1657 3020 qua
1706 2959 1837 3004 sunt
1886 2948 2229 3019 pensiones;
2284 2946 2422 3001 item
2470 2956 2701 3000 vectura

387 3033 619 3089 navium
644 3044 700 3088 et
726 3032 1134 3088 iumentorum’
1173 3033 1307 3103 Dig.
1330 3045 1374 3103 5.
1403 3048 1454 3103 3.
1471 3048 1556 3103 29,
1596 3033 1611 3061 ‘
1631 3050 1834 3089 usurae
1872 3033 2055 3087 vicem
2090 3032 2374 3087 fructuum
2411 3028 2698 3084 obtinent’

391 3116 526 3187 Dig.
553 3131 638 3171 22.
672 3132 717 3172 1.
749 3130 837 3184 34.
1327 3112 1331 3115 ’

463 3198 616 3270 ξ39.
659 3202 988 3255 Thesaurus
1033 3197 1082 3253 is
1125 3197 1353 3253 defined
1403 3215 1466 3263 as
1517 3197 1711 3253 ‘vetus
1755 3198 2037 3269 quaedam
2081 3194 2363 3266 depositio
2404 3191 2697 3263 pecuniae,

389 3283 551 3339 cuius
581 3300 698 3338 non
725 3292 877 3338 extat
903 3282 1196 3352 memoria,
1224 3293 1285 3337 ut
1311 3282 1426 3337 iam
1461 3272 1775 3337 dominum'
1794 3298 1912 3336 non
1948 3282 2175 3349 habeat,
2202 3278 2286 3334 sic
2311 3278 2463 3334 enim
2487 3278 2550 3331 fit
2576 3277 2697 3332 eius

387 3367 485 3437 qui
525 3366 818 3436 invenerit,
853 3366 1006 3437 quod
1045 3384 1160 3421 non
1203 3366 1432 3421 alterius
1473 3366 1586 3421 sit:
1633 3365 1884 3436 alioquin
1928 3365 1977 3419 si
2017 3363 2142 3435 quis
2180 3361 2395 3433 aliquid
2432 3361 2521 3415 vel
2558 3359 2695 3415 lucri

387 3468 579 3519 causa,
604 3451 693 3505 vel
731 3461 933 3519 metuS,
961 3451 1050 3506 vel
1087 3449 1383 3505 custodiae
1411 3449 1731 3505 condiderit
1767 3450 1873 3504 sub
1911 3460 2075 3517 terra,
2101 3464 2217 3502 non
2254 3456 2342 3501 est
2378 3446 2695 3512 thesauruS,

387 3534 546 3589 cuius
573 3534 746 3589 etiam
770 3534 978 3589 furtum
1004 3535 1121 3589 est'
1161 3533 1290 3603 Dig.
1319 3548 1407 3600 41.
1449 3549 1490 3589 1.
1519 3548 1605 3601 31.
1639 3549 1684 3589 1.
1762 3534 1821 3587 If
1834 3535 1888 3586 A
1916 3531 2091 3587 found
2128 3549 2163 3586 a
2199 3540 2451 3588 treasure
2489 3546 2563 3583 on
2603 3530 2695 3583 B’s

385 3618 524 3673 land
548 3618 846 3674 otherwise
881 3620 1016 3672 than
1055 3618 1132 3687 by
1157 3617 1419 3672 accident
1459 3618 1500 3672 it
1539 3617 1823 3687 belonged
1861 3617 2177 3686 altogether
2202 3624 2261 3670 to
2290 3616 2355 3669 B.
2433 3616 2484 3668 It
2511 3612 2699 3667 would

387 3718 545 3757 seem
583 3702 708 3757 that
747 3703 844 3755 the
885 3700 1127 3771 English
1178 3702 1313 3770 mle,
1352 3700 1535 3755 which
1575 3713 1729 3756 vests
1774 3710 2208 3757 treasure-trove
2252 3698 2310 3753 in
2353 3698 2451 3753 the
2494 3699 2696 3751 Crown

389 3785 444 3855 (3
475 3788 616 3840 Inst.
649 3784 788 3853 132),
815 3802 929 3839 was
955 3784 1308 3840 established
1344 3786 1465 3839 also
1502 3795 1560 3839 at
1600 3787 1784 3839 Rome
1810 3794 1867 3839 at
1894 3801 2053 3839 some
2078 3782 2216 3838 time
2242 3783 2385 3837 aster
2409 3782 2506 3836 the
2530 3780 2696 3851 legis-

386 3867 564 3923 lation
589 3869 654 3923 of
674 3868 934 3923 Hadrian
959 3868 1207 3923 referred
1233 3880 1292 3924 to
1318 3867 1376 3922 in
1403 3869 1500 3923 the
1528 3876 1645 3923 text
1676 3868 1784 3937 (for
1812 3868 1995 3923 which
2032 3868 2103 3922 cf.
2132 3866 2483 3938 Spartianus,
2512 3865 2691 3919 Hadr.

393 3950 519 4020 18);
557 3953 685 4007 thus
719 3952 762 4006 it
799 3952 846 4006 is
882 3950 1212 4007 mentioned
1250 3968 1315 4006 as
1353 3968 1388 4005 a
1425 3950 1640 4021 special
1678 3961 1769 4005 act
1808 3951 1874 4004 of
1902 3967 2072 4021 grace
2108 3967 2182 4005 on
2218 3950 2314 4004 the
2339 3958 2465 4020 part
2503 3948 2568 4002 of
2597 3948 2696 4002 the

387 4036 670 4105 Emperor
710 4036 1034 4091 Alexander
1076 4036 1198 4090 that
1247 4036 1321 4090 he
1371 4034 1680 4104 permitted
1724 4036 2021 4089 thesaurus
2067 4043 2127 4088 to
2169 4034 2245 4088 be
2291 4033 2429 4102 kept
2477 4031 2556 4100 by
2596 4031 2696 4086 the

388 4119 584 4175 findet.
661 4119 923 4189 Possibly
949 4119 990 4173 it
1017 4136 1130 4173 was
1157 4120 1254 4174 the
1281 4120 1675 4174 concealment
1700 4119 1765 4173 of
1783 4119 1923 4173 such
1964 4116 2306 4173 discoveries
2334 4115 2516 4171 which
2543 4124 2694 4169 must

389 4203 535 4260 have
571 4203 820 4259 resulted
845 4204 991 4258 from
1017 4203 1130 4257 this
1155 4202 1427 4273 privilege
1465 4203 1531 4256 of
1559 4204 1658 4257 the
1696 4203 1864 4257 fiscus
1892 4203 2015 4257 that
2053 4201 2146 4257 led
2175 4212 2234 4256 to
2276 4188 2693 4255 Constantine's

386 4289 616 4356 general
635 4297 961 4343 enactment
986 4287 1153 4357 (Cod.
1175 4287 1391 4342 Theod.
1419 4301 1498 4341 10.
1526 4288 1606 4341 18.
1630 4288 1681 4355 1)
1704 4286 2021 4356 rewarding
2040 4286 2135 4340 the
2154 4285 2336 4340 findet
2352 4283 2485 4338 with
2504 4300 2539 4337 a
2558 4282 2691 4337 half.

393 4370 699 4425 Hadrian’s
725 4372 844 4426 rule
869 4388 985 4426 was
1010 4368 1446 4426 re-established
1470 4370 1548 4440 by
1570 4372 1702 4439 Leo,
1730 4370 1920 4426 whose
1947 4368 2313 4425 constitution
2339 4365 2546 4438 passed
2572 4365 2692 4419 into

385 4454 485 4509 the
507 4454 829 4525 legislation
854 4455 919 4509 os
933 4454 1234 4525 Jusfinian,
1263 4454 1403 4510 Cod.
1437 4470 1514 4510 10.
1549 4466 1631 4523 15.

461 4534 621 4607 §40.
657 4539 711 4593 A
755 4538 877 4594 fifth
920 4539 1142 4594 natural
1185 4537 1355 4594 mode
1399 4538 1466 4593 os
1497 4536 1837 4610 acquisition
1881 4536 1930 4593 is
1968 4536 2215 4607 traditi0,
2260 4536 2397 4591 bare
2440 4531 2691 4602 delivery
