3230 5116
576 411 705 497 356
976 419 1126 476 {Ns
1133 419 1187 476 T
1181 421 1224 477 I
1222 421 1277 476 T
1280 419 1389 476 UT
1388 419 1538 475 ION
1547 419 1679 474 ΠΜ
1715 419 1955 475 LIBRI
1990 419 2041 490 Q
2054 419 2159 475 UA
2176 421 2283 476 TT
2286 419 2463 476 UOR.
2640 421 2769 488 [Lib.
2784 426 2881 476 111.

575 605 731 650 vero
790 583 1098 672 adgnatis
1157 583 1476 650 inferioris
1534 585 1803 670 gradu5‚
1856 584 2010 651 licet
2059 584 2295 669 capitis
2354 585 2879 652 deminutionem

577 689 752 771 passi
829 711 963 755 non
1041 700 1214 767 sunt,
1294 699 1522 754 tamen
1601 711 1717 754 eos
1794 688 2141 773 anteponit
2224 699 2292 755 et
2365 689 2593 774 procul
2672 691 2879 755 dubio

519 801 554 857 2
578 795 894 877 cognatiS.
1009 795 1159 858 Hos
1211 795 1434 871 etiam,
1484 795 1598 876 qui
1649 814 1770 877 per
1813 792 2109 858 feminini
2161 815 2366 858 sexus
2418 813 2733 878 personas
2786 815 2879 857 ex

573 907 946 962 transverso
1005 897 1403 982 cognatione
1462 899 1839 981 iunguntur,
1900 899 2099 962 tertio
2158 898 2367 982 gradu
2428 898 2881 980 proximitatis

515 1014 550 1068 3
575 1002 843 1068 nomine
921 1014 1187 1085 praetor
1251 1003 1338 1067 ad
1423 1003 1906 1067 successionem
1966 1012 2181 1068 vocat.
2300 1002 2525 1067 Liberi
2592 1023 2877 1086 quoque,

574 1106 686 1187 qui
731 1107 799 1170 in
844 1106 1159 1191 adoptiva
1199 1106 1450 1170 familia
1495 1116 1671 1184 sunt,
1715 1107 1801 1171 ad
1850 1106 2247 1171 naturalium
2292 1116 2643 1191 parentum
2686 1106 2877 1171 here-

514 1214 551 1268 4
574 1211 853 1275 ditatem
883 1209 1010 1276 hoc
1051 1211 1286 1284 eodem
1328 1210 1537 1294 gradu
1567 1221 1905 1276 vocantur.
1990 1210 2217 1293 Vulgo
2247 1211 2581 1293 quaesitos
2616 1209 2875 1274 nullum

571 1313 817 1378 habere
875 1314 1243 1397 adgnatum
1303 1313 1727 1380 manifestum
1801 1323 1921 1390 est,
1980 1333 2133 1378 cum
2192 1314 2509 1396 adgnatio
2567 1335 2609 1377 a
2664 1322 2874 1397 patre,

573 1417 882 1502 cognatio
941 1417 1028 1483 sit
1077 1435 1119 1481 a
1167 1426 1395 1496 matre,
1445 1416 1515 1481 hi
1567 1427 1792 1483 autem
1852 1416 2103 1481 nullum
2163 1426 2420 1501 patrem
2472 1416 2718 1481 habere
2776 1417 2877 1480 in-

571 1519 992 1603 telleguntur.
1095 1521 1331 1585 eadem
1393 1519 1652 1586 ratione
1710 1541 1833 1586 nec
1894 1523 2063 1587 inter
2120 1541 2195 1585 se
2263 1521 2535 1604 quidem
2593 1529 2875 1605 possunt

568 1625 776 1689 videri
835 1625 1305 1708 consanguinei
1366 1645 1525 1702 esse,
1587 1626 1746 1708 quia
1806 1625 2397 1708 consanguinitatis
2458 1625 2557 1688 ius
2619 1625 2874 1707 species

571 1738 673 1793 est
729 1728 1185 1812 adgnationis:
1252 1735 1516 1792 tantum
1585 1730 1787 1813 igitur
1844 1730 2109 1812 cognati
2143 1731 2324 1792 'sunt
2382 1727 2525 1806 sibi,
2576 1728 2747 1792 sicut
2804 1737 2875 1793 et

571 1832 801 1896 matris
859 1832 1176 1917 cognatis.
1282 1833 1509 1916 itaque
1574 1832 1885 1896 omnibus
1954 1833 2097 1896 istis
2167 1851 2248 1897 ea
2297 1841 2494 1914 parte
2553 1832 2873 1915 competit

567 1937 892 2001 bonorum
924 1937 1265 2021 possessio,
1296 1957 1430 2020 qua
1460 1938 1910 2021 proximitatis
1947 1937 2213 2001 nomine
2242 1937 2509 2021 cognati
2538 1946 2872 2002 vocantur.

510 2049 545 2104 5
575 2041 727 2107 Hoc
781 2043 926 2108 loco
971 2053 1040 2109 et
1089 2042 1252 2107 illud
1308 2043 1676 2108 necessario
1729 2043 2131 2107 admonendi
2176 2063 2401 2107 sumus
2453 2041 2872 2124 adgnationis

569 2147 836 2230 quidem
897 2147 1036 2212 iure
1095 2147 1358 2212 admitti
1413 2148 1703 2230 aliquem
1755 2148 1842 2213 ad
1892 2147 2333 2212 hereditatem
2384 2156 2454 2212 et
2504 2148 2558 2210 si
2611 2147 2873 2211 decimo

567 2250 779 2334 gradu
825 2251 929 2325 sit,
968 2249 1105 2315 sive
1145 2253 1231 2316 de
1276 2250 1423 2333 lege
1467 2251 1822 2316 duodecim
1862 2251 2241 2316 tabularum
2287 2270 2697 2333 quaeramu3‚
2734 2252 2873 2314 sive

569 2353 654 2416 de
685 2352 903 2417 edicto
933 2374 1068 2436 quo
1097 2365 1362 2438 praetor
1389 2354 1702 2438 legitimis
1732 2354 2083 2419 heredibus
2107 2356 2413 2419 daturum
2446 2375 2517 2419 se
2544 2353 2871 2418 bonorum

566 2458 1048 2540 possessionem
1092 2458 1458 2542 pollicetur.
1532 2461 1984 2543 proximitatis
2036 2479 2194 2524 vero
2248 2459 2513 2523 nomine
2556 2457 2661 2521 his
2714 2459 2871 2523 solis

564 2571 830 2646 praetor
859 2563 1188 2645 promittit
1216 2564 1544 2628 bonorum
1574 2566 2078 2648 possessionem,
2100 2564 2213 2648 qui
2246 2583 2454 2647 usque
2483 2563 2569 2628 ad
2603 2572 2870 2628 sextum

565 2665 849 2749 gradum
878 2667 1288 2750 cognationis
1317 2678 1488 2749 sunt,
1523 2679 1590 2734 et
1630 2690 1718 2733 ex
1748 2670 2036 2753 septimo
2082 2688 2123 2733 a
2169 2669 2435 2734 sobrino
2475 2667 2873 2750 sobrinaque

566 2779 726 2834 nato
757 2778 1052 2837 nataeve.

1668 2890 1790 2955 VI.

1173 3068 1274 3119 DE
1318 3067 1697 3122 GRADIBUS
1741 3066 2268 3121 cOGNA‘rIONIs,

657 3220 811 3286 Hoc
841 3220 988 3286 loco
1019 3221 1459 3287 necessarium
1493 3230 1594 3285 est
1636 3241 1987 3305 exponere,
2020 3220 2587 3303 quemadmodum
2624 3220 2867 3305 gradus

566 3324 976 3406 cognationis
1008 3334 1452 3389 numerentur.
1511 3344 1645 3407 qua
1674 3324 1743 3388 in
1775 3345 1843 3389 re
1880 3324 2177 3409 inprimis
2207 3324 2608 3389 admonendi
2640 3345 2866 3391 sumus

564 3427 1030 3508 cognationem
1087 3428 1286 3491 aliam
1347 3446 1546 3511 supra
1605 3429 1951 3502 numerari,
2012 3429 2213 3493 aliam
2274 3428 2457 3503 infra,
2519 3428 2747 3499 aliam,
2778 3450 2867 3493 ex

562 3537 954 3609 transvers0,
986 3550 1158 3613 quae
1198 3530 1399 3595 etiam
1440 3552 1482 3595 a
1520 3530 1729 3596 latere
1766 3532 2022 3596 dicitur.
2096 3531 2391 3616 superior
2430 3533 2737 3617 cognatio
2768 3540 2869 3596 est
2924 3586 2933 3593 .

563 3633 954 3713 parentium,
978 3633 1243 3699 inferior
1265 3632 1642 3711 liberorum,
1670 3656 1759 3701 ex
1781 3644 2153 3701 transverso
2184 3634 2458 3700 fratrum
2489 3656 2867 3699 sororumve

565 3872 877 3930 deminutio
925 3872 984 3929 in
1025 3873 1139 3930 this
1183 3872 1398 3933 section
1443 3872 1492 3929 is
1536 3874 1602 3929 of
1638 3890 1837 3932 course
1879 3885 2073 3932 meant
2122 3878 2259 3947 only
2300 3875 2505 3947 capitis
2554 3874 2866 3932 deminutio

564 3974 814 4013 mimma.

638 4040 752 4112 §a
806 4042 930 4096 The
969 4051 1197 4113 praetor
1242 4041 1360 4097 bad
1408 4042 1529 4097 also
1573 4041 1853 4098 admitted
1901 4060 2139 4113 persons
2188 4044 2406 4099 related
2453 4044 2669 4099 directa
2716 4043 2867 4098 linea

563 4124 808 4193 through
855 4125 1092 4180 females
1136 4142 1347 4195 among
1396 4124 1655 4195 cognati3
1704 4126 1804 4181 but
1852 4126 1931 4196 by
1973 4127 2071 4182 the
2115 4128 2250 4182 SC‘.
2298 4126 2707 4182 Tertullianum
2750 4126 2868 4183 and

568 4206 906 4262 Orfitianum
943 4209 1061 4264 and
1091 4208 1239 4265 their
1272 4208 1701 4280 developments
1739 4210 1901 4265 these
1936 4210 2055 4266 had
2090 4210 2238 4266 been
2270 4210 2460 4266 raised
2496 4220 2557 4265 to
2594 4211 2691 4269 the
2724 4211 2867 4266 rank

566 4290 821 4362 legitimi,
847 4292 912 4346 of
928 4291 1111 4349 hence
1137 4290 1153 4322 ‘
1169 4310 1238 4349 ex
1263 4301 1585 4348 transverso
1603 4295 1617 4322 '
1642 4294 1699 4349 in
1723 4294 1822 4349 the
1847 4303 1979 4349 text.

636 4376 663 4448 ξ
693 4379 748 4433 3.
787 4376 928 4432 This
952 4378 1128 4434 refers
1168 4379 1233 4433 of
1262 4395 1461 4433 course
1487 4380 1623 4448 only
1653 4389 1714 4435 to
1751 4379 2047 4448 adrogatio
2085 4378 2199 4434 and
2238 4378 2471 4449 adoptio
2508 4380 2708 4449 plena;
2746 4378 2795 4433 if
2822 4377 2865 4433 it

563 4478 709 4519 were
745 4460 932 4517 minus
968 4463 1138 4532 plena
1171 4463 1268 4518 the
1299 4464 1603 4536 adoptatus
1638 4463 1957 4520 succeeded
1990 4472 2049 4520 to
2078 4462 2172 4519 his
2205 4464 2426 4519 natural
2458 4462 2645 4520 father
2680 4462 2738 4519 in
2768 4464 2866 4519 the

565 4544 682 4600 first
707 4545 875 4602 order
901 4545 1108 4618 (liberi)
1129 4565 1144 4613 ;
1181 4562 1279 4603 see
1303 4564 1379 4601 on
1405 4546 1519 4603 Tit.
1551 4562 1595 4601 1.
1629 4560 1693 4615 14
1718 4562 1867 4618 supr.
