3230 5116
564 370 687 441 150
794 404 797 409 -
963 362 1111 421 JNS
1117 364 1170 419 T
1166 364 1205 419 l
1206 363 1259 417 T
1266 364 1324 419 U
1325 364 1378 418 T
1373 362 1533 419 ION
1536 361 1668 418 UM
1703 359 1945 417 LIBRI
1984 358 2456 432 QUATTUOR.
2661 359 2773 424 [Lib
2815 363 2852 413 1.

1588 541 1822 608 XVII.

980 716 1081 767 DE
1128 668 1501 767 LEG1T1MA
1547 712 2060 764 PATRONORUM
2107 711 2424 763 TUTELA.

648 858 759 922 Ex
807 859 1043 923 eadem
1088 856 1235 941 lege
1286 855 1637 921 duodecim
1691 853 2061 917 tabularum
2115 850 2500 917 libertorum
2553 860 2620 915 et
2667 850 2862 915 liber-

556 971 773 1026 tarum
822 962 1031 1027 tutela
1071 962 1157 1025 ad
1204 969 1519 1045 patronos
1566 959 1936 1040 liberosque
1977 977 2202 1021 eorum
2244 958 2549 1040 pertinet,
2582 976 2752 1038 quae
2793 963 2864 1018 et

557 1067 703 1149 ipsa
743 1065 1041 1151 legitima
1071 1066 1280 1130 tutela
1320 1072 1628 1128 vocatur:
1675 1082 1805 1125 non
1849 1062 2001 1143 quia
2044 1062 2436 1124 nominatim
2480 1080 2558 1123 ea
2599 1059 2746 1142 lege
2777 1057 2863 1121 de

555 1169 682 1233 hac
731 1170 942 1234 tutela
996 1178 1277 1244 cavetur,
1330 1168 1447 1231 sed
1503 1166 1658 1248 quia
1710 1165 1980 1249 perinde
2032 1174 2304 1247 accepta
2357 1173 2460 1228 est
2504 1183 2621 1246 per
2665 1163 2862 1226 inter—

558 1274 1019 1355 pretationem,
1050 1285 1248 1354 atque
1296 1273 1347 1335 si
1398 1271 1613 1334 verbis
1659 1269 1825 1352 legis
1869 1268 2243 1332 introducta
2280 1277 2475 1334 esset.
2565 1288 2646 1330 eo
2687 1266 2862 1330 enim

558 1376 721 1458 ipSO,
774 1397 906 1458 quo
966 1374 1364 1439 hereditates
1424 1373 1808 1438 libertorum
1867 1371 2398 1454 libertarumque,
2453 1371 2508 1436 si
2567 1370 2861 1435 intestati

560 1481 1014 1555 decessissent,
1068 1479 1342 1543 iusserat
1390 1476 1504 1541 lex
1556 1477 1642 1541 ad
1696 1483 2012 1560 patronos
2065 1475 2386 1540 liberosve
2439 1495 2666 1539 eorum
2718 1493 2864 1558 per-

557 1585 786 1661 tinere,
817 1584 1232 1647 crediderunt
1263 1590 1518 1647 veteres
1548 1580 1834 1645 voluisse
1865 1580 2082 1662 legem
2116 1581 2315 1644 etiam
2349 1579 2588 1645 tutelas
2626 1580 2711 1642 ad
2750 1598 2866 1641 eos

559 1689 901 1771 pertinere,
924 1708 1072 1751 cum
1101 1697 1169 1751 et
1198 1687 1544 1768 adgnatos,
1567 1705 1734 1767 quos
1763 1685 1850 1749 ad
1882 1684 2320 1748 hereditatem
2350 1694 2560 1761 vocat,
2593 1682 2863 1747 eosdem

560 1801 629 1855 et
660 1800 912 1856 tutores
944 1812 1088 1856 esse
1135 1792 1322 1855 iussit
1363 1800 1431 1854 et
1478 1790 1633 1872 quia
1683 1789 2085 1873 plerumque,
2130 1790 2242 1852 ubi
2289 1788 2716 1852 successionis
2762 1795 2865 1850 est

561 1895 1105 1973 emolumentum,
1158 1895 1246 1957 ibi
1298 1904 1365 1958 et
1416 1893 1667 1958 tutelae
1712 1913 1876 1957 onus
1923 1913 2066 1957 esse
2114 1892 2335 1957 debet.
2426 1892 2580 1955 ideo
2639 1900 2863 1955 autem

562 1999 855 2065 diximus
895 2000 1297 2083 plerumque,
1337 1999 1507 2083 quia,
1540 1998 1594 2062 si
1641 2019 1682 2061 a
1719 1997 1964 2061 semina
2004 1997 2306 2081 impubes
2350 1998 2865 2074 manumittatur,

561 2104 703 2187 ipsa
732 2106 817 2167 ad
848 2104 1287 2167 hereditatem
1318 2112 1605 2180 vocatur,
1637 2121 1788 2167 cum
1820 2102 1984 2171 alius
2017 2111 2119 2165 est
2150 2110 2345 2168 tutor.

1581 2288 1848 2353 XVIII.

1012 2459 1113 2509 DE
1158 2458 1529 2509 LEG1T1MA
1575 2458 2024 2509 PAREN‘HUM
2073 2458 2392 2511 TUTELA.

652 2600 989 2685 Exemplo
1019 2609 1446 2685 patronorum
1479 2608 1745 2683 recepta
1770 2608 1872 2664 est
1903 2609 1972 2664 et
2002 2599 2130 2664 alia
2159 2600 2392 2676 tutela,
2425 2621 2596 2682 quae
2625 2609 2692 2665 et
2723 2601 2867 2684 ipsa

560 2705 859 2791 legitima
888 2715 1173 2770 vocatur.
1259 2725 1411 2768 nam
1458 2704 1513 2770 si
1554 2705 1702 2787 quis
1744 2701 1950 2766 filium
1992 2713 2106 2769 aut
2152 2703 2374 2782 filiam,
2407 2713 2718 2785 nepotem
2750 2714 2868 2768 aut

560 2821 829 2893 neptem
856 2829 944 2873 ex
977 2807 1109 2872 filio
1142 2816 1208 2871 et
1232 2808 1542 2891 deinceps
1574 2807 1948 2889 impuberes
1971 2807 2501 2891 emancipaverit,
2529 2806 2867 2888 legitimus

562 2935 788 2978 eorum
819 2923 1000 2978 tutor
1031 2915 1172 2978 erit.

631 3079 749 3131 'rm
777 3079 987 3130 XVII.
1028 3077 1240 3130 Where
1266 3092 1303 3130 a
1326 3075 1559 3129 libertus
1586 3073 1725 3129 civis
1753 3073 1886 3129 died
1906 3072 2188 3142 intestate,
2206 3073 2417 3143 having
2441 3083 2517 3127 no
2541 3089 2675 3127 suus
2701 3073 2867 3127 heres

566 3160 685 3229 (the
711 3157 979 3228 meaning
1004 3159 1072 3212 of
1087 3157 1338 3214 intestati
1366 3157 1422 3212 in
1451 3158 1547 3213 the
1571 3158 1730 3227 text),
1757 3159 1855 3213 the
1879 3168 2080 3228 patron
2107 3157 2244 3211 took
2271 3156 2358 3211 his
2387 3166 2655 3226 property
2679 3173 2742 3210 as
2771 3156 2868 3226 (by

564 3261 601 3298 a
628 3243 843 3311 fiction)
872 3243 960 3297 his
994 3253 1220 3298 nearest
1246 3254 1471 3312 agnate‚
1496 3243 1613 3297 and
1639 3245 1736 3298 the
1761 3245 1939 3298 tutela
1961 3253 2107 3298 went
2133 3242 2190 3296 in
2218 3244 2315 3297 the
2341 3259 2499 3297 same
2519 3261 2641 3312 way
2659 3259 2734 3296 on
2771 3243 2867 3296 the

562 3328 807 3396 analogy
831 3328 895 3380 os
913 3328 1009 3381 the
1034 3326 1287 3395 legitima
1312 3326 1687 3395 adgnatorum
1714 3328 1906 3381 tutela.
1947 3329 2056 3381 But
2083 3327 2246 3381 when
2271 3344 2306 3380 a
2335 3326 2568 3380 Latinus
2597 3325 2867 3379 Iunianus

564 3411 713 3478 (who
752 3407 918 3464 could
954 3407 1176 3464 neither
1212 3409 1359 3463 have
1395 3425 1430 3463 a
1467 3425 1601 3462 suus
1639 3410 1804 3464 heres
1830 3426 1934 3463 nor
1959 3409 2126 3464 make
2152 3427 2186 3464 a
2211 3407 2342 3477 will>
2370 3409 2519 3477 died,
2546 3410 2640 3463 the
2665 3419 2868 3480 patron

561 3491 699 3548 took
724 3492 821 3546 the
846 3502 1113 3562 property
1138 3492 1215 3560 by
1233 3509 1269 3545 a
1288 3490 1547 3546 different
1566 3490 1704 3561 title,
1726 3491 1842 3546 iure
1863 3492 2064 3562 peculii
2091 3494 2215 3560 (hle.
2239 3493 2315 3546 iii.
2332 3506 2379 3560 7.
2401 3509 2437 3560 4
2453 3488 2589 3560 init),
2667 3494 2869 3548 Hence

560 3575 659 3630 the
696 3576 1022 3630 succession
1059 3575 1125 3629 of
1152 3576 1249 3630 the
1285 3576 1460 3630 tutela
1494 3574 1593 3630 did
1629 3585 1729 3630 not
1767 3576 2111 3646 necessarily
2145 3594 2220 3646 go
2263 3577 2523 3646 together
2545 3570 2780 3632 :'‘unde
2820 3577 2868 3631 si

560 3658 769 3714 ancilla
804 3675 871 3713 ex
910 3658 1028 3713 iure
1057 3658 1358 3728 Quiritium
1393 3669 1491 3714 tua
1528 3659 1619 3727 sit,
1646 3658 1702 3712 in
1737 3658 1904 3714 bonis
1938 3677 2082 3730 mea,
2121 3677 2158 3714 a
2191 3677 2282 3715 me
2317 3660 2546 3732 quidem
2580 3661 2718 3729 solo,
2751 3678 2869 3714 non

562 3741 735 3798 etiam
762 3758 797 3796 a
821 3753 877 3798 te
904 3742 1271 3810 manumissa,
1302 3741 1504 3797 Latina
1530 3743 1647 3798 fieri
1675 3753 1880 3813 potest,
1908 3754 1964 3798 et
1995 3745 2150 3798 bona
2181 3743 2301 3798 eius
2335 3743 2408 3797 ad
2442 3761 2534 3798 me
2567 3744 2870 3815 pertinent,

564 3826 667 3881 sed
706 3825 827 3881 eius
864 3827 1041 3882 tutela
1079 3825 1179 3881 tibi
1216 3825 1527 3896 competit:
1565 3843 1702 3880 nam
1740 3825 1818 3881 ita
1853 3828 1977 3897 lege
2019 3827 2163 3882 Iulia
2200 3829 2452 3883 cavetur'
2479 3827 2656 3882 Gaius
2683 3827 2716 3883 i.
2751 3828 2868 3894 167.

564 3907 707 3962 This
726 3909 773 3963 is
794 3909 1034 3963 another
1059 3908 1354 3979 exception
1380 3919 1440 3964 to
1466 3908 1561 3963 the
1586 3910 1705 3963 rule
1731 3911 1866 3965 here
1885 3910 2070 3965 stated
2089 3911 2166 3979 by
2185 3910 2484 3980 Justinian,
2505 3911 2521 3938 ‘
2539 3911 2870 3980 plerumque

564 3990 660 4046 ubi
688 3991 1063 4047 successionis
1102 4002 1187 4047 est
1226 3993 1687 4062 emolumentum,
1715 3993 1790 4047 ibi
1817 4005 1874 4048 et
1901 3995 2108 4048 tutelae
2145 4010 2288 4048 onus
2319 4011 2445 4048 esse
2479 3993 2684 4048 debet.’
2761 3995 2818 4047 If
2835 4011 2871 4050 a

563 4075 681 4130 free
708 4091 913 4145 person
940 4075 996 4130 in
1025 4074 1311 4145 mancipio
1338 4094 1481 4131 were
1508 4077 1885 4132 manumitted
1913 4077 2074 4132 while
2101 4078 2361 4147 impubes
2385 4077 2463 4147 by
2482 4076 2570 4132 his
2599 4077 2870 4147 superior,

565 4160 723 4212 there
748 4158 960 4229 having
988 4159 1135 4214 been
1172 4177 1247 4214 no
1285 4159 1493 4214 fiducia
1520 4161 1675 4230 (note
1701 4179 1774 4215 on
1799 4161 1910 4218 Tit.
1940 4178 2015 4216 12.
2044 4163 2078 4216 6
2104 4161 2277 4233 supr.)
2301 4163 2554 4217 between
2583 4162 2678 4217 the
2705 4163 2872 4217 latter

565 4241 681 4296 and
718 4242 815 4297 the
852 4253 1032 4311 pater,
1058 4243 1155 4297 the
1190 4243 1445 4313 superior
1478 4243 1718 4299 became
1753 4255 2041 4314 patronuS,
2070 4246 2183 4300 and
2221 4247 2352 4299 thus
2387 4255 2538 4300 tutor
2567 4244 2869 4314 legitimus,

567 4327 681 4380 For
706 4343 864 4380 some
890 4327 1144 4381 remarks
1171 4343 1245 4380 on
1271 4327 1367 4382 the
1394 4327 1410 4354 ‘
1430 4327 1842 4398 interpretatio'
1867 4329 1931 4381 of
1943 4329 2040 4384 the
2066 4330 2184 4383 XII
2209 4328 2420 4384 Tables
2445 4329 2560 4384 and
2586 4329 2750 4384 other
2773 4330 2868 4384 old

564 4419 803 4464 statutes
832 4427 927 4464 see
956 4410 1199 4464 Genera}
1232 4410 1445 4464 Introd.
1472 4428 1523 4481 p.
1551 4425 1620 4480 45
1649 4429 1800 4482 supr.

635 4495 756 4548 Ἧι.
781 4496 1027 4549 XVIII.
1074 4495 1122 4548 It
1149 4493 1287 4549 does
1313 4503 1412 4549 not
1440 4511 1593 4550 seem
1622 4496 1744 4550 that
1769 4512 1881 4566 any
1915 4512 2144 4566 express
2179 4504 2389 4550 statute
2422 4495 2540 4551 had
2573 4494 2868 4550 conserred
