3230 5116
534 383 662 450 286
941 394 1090 449 INS
1094 394 1186 447 TI
1184 394 1238 448 T
1241 394 1353 449 UT
1347 392 1507 449 ION
1511 393 1643 449 UM
1675 394 1915 450 LIBRI
1950 394 2120 467 QUA
2134 397 2187 451 T
2188 397 2243 451 T
2246 395 2423 454 UOR.
2610 397 2741 464 [Lib.
2762 404 2831 455 11.

535 566 638 622 est
669 578 821 623 eum
860 557 1326 637 manumiserit‚
1356 566 1620 623 tenetur
1658 559 1867 637 hereS,
1900 561 2199 643 quamvis
2242 561 2640 645 ignoraverit
2679 582 2719 625 a
2760 581 2833 625 se

457 701 474 717 ·
536 682 688 725 eum
718 661 1012 745 legatum
1046 682 1207 726 esse.
1299 660 1373 726 Si
1412 664 1560 745 quis
1594 664 1867 729 ancillas
1904 684 2058 728 cum
2098 666 2234 729 suis
2278 665 2451 730 natis
2492 664 2829 747 legaverit,

537 767 797 856 etiamsi
839 765 1120 831 ancillae
1157 775 1459 831 mortuae
1497 767 1758 843 fuerint,
1790 778 2015 850 partus
2045 768 2267 851 legato
2298 769 2561 833 cedunt.
2651 770 2831 833 idem

535 878 654 944 est,
687 869 742 932 si
772 870 1081 933 ordinarii
1111 870 1280 933 servi
1311 890 1462 934 cum
1489 872 1743 935 vicariis
1771 870 1973 954 legati
2003 871 2261 945 fuerint,
2287 882 2379 951 ut,
2401 872 2557 937 licet
2588 873 2831 937 mortui

443 978 508 1031 17
535 971 666 1036 sint
696 972 1023 1048 ordinarii,
1055 982 1280 1037 tamen
1310 973 1530 1037 vicarii
1571 974 1794 1055 legato
1840 973 2097 1039 cedant.
2188 976 2305 1039 sed
2337 976 2391 1040 si
2422 995 2648 1039 servus
2678 994 2831 1039 cum

532 1077 794 1157 peculio
827 1074 1020 1141 fuerit
1051 1076 1328 1160 legatuS,
1355 1087 1617 1142 mortuo
1640 1099 1830 1143 servo
1850 1079 1956 1143 vel
1981 1078 2388 1143 manumisso
2408 1079 2514 1144 vel
2543 1079 2832 1144 alienato

535 1190 602 1244 et
633 1180 870 1263 peculii
901 1181 1196 1263 legatum
1229 1183 1655 1265 extinguitur.
1746 1185 1923 1248 idem
1955 1193 2073 1259 est,
2106 1183 2161 1246 si
2202 1182 2442 1247 fundus
2478 1183 2833 1247 instructus

531 1286 638 1347 vel
685 1303 836 1347 cum
884 1285 1322 1349 instrumento
1371 1284 1630 1368 legatus
1679 1286 1915 1351 fuerit:
1977 1306 2133 1351 nam
2180 1286 2383 1350 fundo
2430 1286 2719 1351 alienato
2765 1295 2833 1351 et

442 1394 510 1449 18
537 1388 952 1453 instrumenti
983 1387 1279 1471 legatum
1312 1391 1738 1473 extinguitur.
1831 1390 1905 1455 Si
1938 1410 2107 1473 grex
2137 1391 2397 1474 legatus
2425 1391 2617 1456 fuerit
2648 1402 2833 1474 post-

535 1511 745 1573 eaque
791 1491 877 1554 ad
927 1512 1128 1555 unam
1177 1512 1370 1556 ovem
1419 1495 1811 1575 pervenerit,
1854 1494 2032 1575 quod
2052 1541 2059 1547 -
2080 1494 2473 1575 superfuerit
2514 1495 2833 1559 vindicari

535 1604 778 1678 potest.
867 1592 1088 1677 Grege
1130 1605 1356 1660 autem
1399 1595 1624 1679 legato
1656 1597 1858 1662 etiam
1894 1616 2005 1661 eas
2035 1618 2211 1672 oveS,
2244 1616 2414 1680 quae
2445 1607 2601 1679 post
2630 1606 2833 1663 testa-

537 1709 837 1763 mentum
875 1696 1124 1763 factum
1168 1700 1352 1783 gregi
1394 1702 1786 1778 adiciuntur,
1820 1702 2042 1785 legato
2084 1704 2317 1767 cedere
2363 1701 2657 1766 Iulianus
2701 1702 2830 1768 ait:

538 1821 682 1865 esse
713 1802 888 1864 enim
919 1803 1136 1885 gregis
1178 1823 1382 1866 unum
1424 1825 1663 1887 corpus
1704 1826 1795 1869 ex
1834 1806 2235 1870 distantibus
2265 1805 2609 1887 capitibuS,
2642 1806 2834 1871 sicuti

444 1914 512 1969 19
537 1904 801 1967 aedium
831 1925 1035 1969 unum
1066 1926 1302 1988 corpus
1333 1917 1435 1972 est
1475 1928 1564 1971 ex
1610 1908 2114 1973 cohaerentibus
2143 1908 2513 1990 lapidibus:
2557 1908 2835 1973 aedibus

537 2009 826 2091 denique
855 2008 1092 2092 legatis
1123 2010 1464 2075 columnas
1496 2021 1566 2077 et
1597 2032 1945 2091 marmora,
1975 2032 2147 2096 quae
2178 2023 2329 2094 post
2358 2021 2833 2077 testamentum

536 2110 785 2176 factum
844 2112 1106 2177 adiecta
1163 2124 1334 2193 sunt,
1385 2114 1608 2197 legato
1667 2116 1921 2180 cedere.
2013 2114 2087 2179 Si
2147 2114 2479 2196 peculium
2537 2114 2833 2197 legatum

440 2222 514 2276 20
537 2214 750 2291 fuerit,
805 2217 944 2281 sine
998 2218 1199 2281 dubio
1245 2218 1568 2300 quidquid
1621 2219 1879 2302 peculio
1924 2219 2182 2284 accedit
2226 2218 2331 2283 vel
2382 2219 2646 2283 decedit
2684 2220 2834 2282 vivo

537 2328 876 2393 testatore,
908 2318 1206 2402 legatarii
1243 2320 1425 2384 lucro
1455 2321 1560 2386 vel
1604 2322 1852 2386 damno
1892 2332 2010 2387 est.
2082 2322 2319 2403 quodsi
2357 2332 2509 2403 post
2552 2330 2833 2385 mortem

537 2423 871 2486 testatoris
901 2433 1058 2487 ante
1088 2423 1342 2489 aditam
1371 2424 1813 2490 hereditatem
1846 2446 2069 2490 servus
2102 2425 2503 2508 adquisierit,
2540 2423 2835 2491 Iulianus

607 2671 636 2744 ξ
663 2674 749 2730 1¹1.
788 2673 914 2728 The
938 2671 1260 2743 opposition
1299 2673 1366 2728 of
1381 2671 1697 2727 ordinarius
1722 2683 1783 2727 to
1807 2672 2000 2729 vicarii
2035 2674 2181 2730 servi
2217 2674 2265 2730 is
2292 2675 2468 2731 found
2500 2675 2559 2729 in
2586 2675 2720 2744 Dig.
2754 2689 2831 2742 14

535 2771 587 2823 4.
618 2769 662 2826 5.
698 2773 719 2811 1
748 2777 762 2823 ;
806 2769 883 2825 15.
916 2772 959 2812 1.
993 2769 1074 2824 17,
1099 2756 1172 2810 ib.
1206 2771 1284 2826 19.
1311 2773 1392 2826 pr.
1467 2757 1594 2812 The
1625 2756 1832 2811 former
1855 2773 1971 2812 was
1996 2774 2033 2812 a
2056 2759 2211 2812 slave
2236 2757 2472 2828 holding
2505 2775 2665 2814 some
2697 2757 2834 2812 defi-

537 2839 654 2894 nite
683 2849 812 2909 post
849 2839 908 2894 in
945 2839 1034 2894 his
1072 2840 1328 2894 master-’s
1365 2839 1698 2907 household,
1733 2841 1831 2894 the
1866 2840 2035 2895 latter
2066 2857 2212 2896 were
2246 2840 2337 2895 his
2374 2840 2692 2909 assistants,
2720 2840 2834 2894 and

535 2923 755 2992 usually
790 2923 1010 2976 formed
1044 2931 1171 2992 part
1210 2923 1277 2976 of
1302 2921 1392 2977 his
1436 2921 1753 2992 peculium:
1804 2922 1863 2976 in
1899 2922 2030 2992 fact,
2067 2941 2103 2978 a
2152 2924 2308 2980 slave
2349 2925 2503 2979 often
2546 2925 2763 2994 bought
2798 2939 2837 2978 a

535 3006 778 3061 vicarius
815 3005 948 3061 with
991 3015 1118 3076 part
1160 3006 1226 3060 of
1252 3006 1343 3060 his
1385 3005 1668 3076 peculium
1704 3015 1764 3061 to
1800 3006 2015 3075 lighten
2058 3006 2147 3062 his
2183 3024 2309 3061 own
2347 3007 2548 3077 duties,
2588 3008 2835 3076 Horace,

507 3107 512 3112 ·
539 3090 656 3144 Sat.
686 3105 733 3144 2.
761 3102 811 3157 7.
838 3102 938 3160 793
974 3089 1061 3143 for
1086 3091 1182 3145 the
1208 3090 1388 3144 whole
1413 3089 1631 3158 subject
1658 3108 1709 3143 v.
1738 3090 1999 3144 Becker-’s
2026 3091 2241 3146 Gallus.

609 3174 724 3228 For
759 3174 856 3228 the
893 3172 1195 3228 differ-enee
1230 3173 1484 3227 between
1529 3171 1834 3227 instructus
1870 3173 1985 3227 and
2024 3189 2155 3228 cum
2190 3171 2565 3228 instrumento
2602 3173 2671 3228 cf.
2703 3173 2836 3243 Dig.

538 3271 624 3326 33.
650 3270 698 3324 7.
733 3272 812 3312 12.
840 3271 905 3323 27
934 3258 1090 3327 ‘plus
1117 3273 1260 3324 esse,
1285 3273 1416 3311 cum
1451 3255 1757 3310 instructus
1792 3256 1999 3309 fundus
2033 3257 2264 3326 legetur,
2292 3273 2463 3326 quam
2498 3255 2545 3309 si
2584 3272 2715 3309 cum
2753 3256 2835 3310 in-

538 3351 880 3396 strumento:
907 3381 920 3396 .
952 3380 965 3394 .
993 3377 1008 3394 .
1033 3340 1242 3408 omnia,
1279 3357 1426 3411 quae
1463 3356 1534 3393 eo
1563 3340 1771 3393 collata
1810 3348 1957 3404 sunt,
1994 3347 2054 3392 ut
2094 3337 2417 3393 instructior
2458 3347 2609 3390 esset
2646 3347 2836 3407 pater·

537 3423 798 3490 saturnias»,
825 3423 1097 3476 instructo
1131 3420 1439 3488 contineri,’
1463 3419 1540 3474 ib.
1564 3437 1648 3490 pr.
1676 3418 2141 3474 ‘instrumentum
2179 3417 2383 3489 [fundi]
2412 3429 2499 3474 est
2528 3429 2835 3488 apparatus

537 3521 725 3559 rerum
762 3503 970 3558 diutius
1007 3519 1416 3572 mansurarum,
1441 3503 1565 3556 sine
1602 3502 1807 3573 quibus
1840 3502 2084 3557 exerceri
2125 3501 2381 3572 nequiret
2412 3500 2733 3571 possessi0,’
2758 3501 2831 3557 ib.

544 3587 625 3640 16.
650 3603 733 3656 pr.
774 3585 950 3641 ‘inter
993 3586 1424 3640 instrumentum
1469 3593 1526 3638 et
1575 3592 1971 3638 ornamentum
2015 3585 2253 3637 multum
2298 3583 2586 3652 interesse,
2632 3583 2835 3638 instru-

537 3667 713 3724 menti
739 3669 890 3723 enim
917 3685 988 3723 ea
1011 3685 1154 3735 esse,
1174 3685 1320 3738 quae
1345 3668 1421 3722 ad
1445 3668 1680 3722 tutelam
1706 3667 1907 3721 domus
1944 3666 2301 3736 pertinerent,
2328 3666 2661 3736 ornamenti,
2689 3684 2835 3737 quae

537 3752 614 3806 ad
638 3751 1020 3820 voluptatem!
1095 3752 1253 3804 Thus
1280 3749 1745 3805 ‘instrumentum
1783 3749 2046 3803 involved
2081 3749 2178 3804 the
2216 3747 2347 3804 idea
2377 3749 2444 3803 of
2471 3767 2507 3804 a
2543 3766 2741 3805 means
2773 3759 2835 3804 to

538 3850 613 3889 an
639 3831 769 3900 en'd,
795 3835 894 3888 but
930 3833 1052 3888 that
1079 3833 1192 3887 end
1217 3849 1331 3886 was
1365 3842 1425 3887 to
1450 3841 1544 3901 get
1581 3832 1678 3886 the
1713 3848 1813 3886 use
1850 3832 1915 3885 of
1932 3832 2027 3886 the
2064 3833 2232 3899 land;
2270 3831 2312 3886 it
2350 3833 2448 3887 did
2472 3843 2571 3888 not
2611 3832 2835 3888 include

539 3917 855 3971 household
880 3916 1166 3970 furniture.
1219 3916 1453 3970 Fundus
1479 3915 1800 3984 instructuS,
1820 3915 2091 3984 although
2118 3916 2275 3970 there
2301 3932 2417 3970 was
2442 3932 2601 3970 some
2620 3916 2836 3986 variety

539 3999 603 4054 of
621 3999 852 4071 opinion
891 4017 965 4054 on
991 4001 1088 4054 the
1125 3999 1359 4067 subject,
1385 4015 1571 4052 seems
1608 4007 1669 4052 to
1704 3999 1850 4053 have
1887 3998 2033 4053 been
2071 3998 2407 4053 considered
2444 4015 2508 4052 as
2547 3999 2849 4068 including.

539 4092 638 4136 not
689 4082 821 4151 only
859 4082 1308 4150 instrumentum,
1350 4082 1452 4135 but
1501 4079 1834 4151 everything
1882 4080 2161 4150 prepared
2208 4079 2296 4134 for
2335 4082 2434 4135 the
2484 4081 2721 4135 comfort
2771 4096 2835 4134 or

538 4167 798 4236 pleasure
835 4166 902 4220 of
929 4166 1025 4221 the
1059 4181 1263 4220 owner.
1337 4164 1490 4218 Such
1515 4179 1552 4218 a
1575 4165 1790 4232 legacy,
1816 4164 2112 4232 therefore,
2140 4162 2393 4218 includes
2432 4165 2527 4218 the
2564 4162 2835 4216 furniture

539 4249 606 4302 of
637 4249 734 4303 the
774 4248 1114 4317 farmhouse,
1158 4248 1253 4302 the
1295 4247 1528 4314 clothes»,
1570 4245 1723 4316 gold,
1766 4245 1949 4314 siIver,
1990 4245 2153 4315 wine,
2192 4247 2309 4301 and
2350 4246 2583 4302 utensils
2632 4246 2699 4299 of
2738 4247 2837 4300 the

540 4340 793 4400 testator,
830 4333 952 4386 also
989 4332 1086 4386 the
1123 4330 1400 4385 domestic
1437 4330 1641 4396 slaves,
1678 4330 1775 4385 the
1810 4329 1993 4385 books
2036 4330 2153 4384 and
2194 4328 2420 4400 library,
2457 4330 2558 4384 but
2598 4339 2697 4383 not
2737 4328 2836 4383 the

540 4431 677 4484 crop
700 4412 875 4483 ready
900 4414 986 4468 for
1009 4414 1107 4468 the
1131 4413 1386 4469 market.’
1457 4415 1699 4482 Hunter,
1726 4413 1951 4468 Roman
1980 4414 2112 4468 Law
2137 4429 2191 4483 p.
2218 4425 2285 4480 72
2290 4427 2337 4480 3.

615 4494 644 4566 ξ
670 4499 772 4551 20.
811 4497 954 4552 Dies
978 4495 1129 4553 cedit
1153 4495 1346 4552 marks
1371 4496 1468 4553 the
1492 4505 1982 4553 commencement
2016 4496 2083 4552 of
2105 4513 2141 4552 a
2168 4495 2337 4567 right,
2361 4511 2427 4550 or
2450 4494 2549 4551 the
2580 4503 2835 4549 moment
