3230 5116
484 430 585 477 Tit.
612 421 713 487 10]
1373 419 1496 475 DE
1538 420 1911 477 NUPTIIS.
2348 460 2356 467 .
2675 426 2794 493 125

482 608 763 650 uxorem
809 588 1047 651 ducere
1093 606 1223 651 non
1272 586 1443 651 licet.
1531 589 1648 653 sed
1695 608 1816 651 nec
1861 596 2130 671 neptem
2174 586 2388 650 fratris
2419 586 2526 651 vel
2555 588 2794 652 sororis

470 682 725 756 ‘ducere
767 692 915 774 quis
959 700 1198 774 potest,
1241 692 1545 772 quamvis
1596 704 1834 775 quarto
1888 692 2096 774 gradu
2149 692 2301 756 sint.
2391 694 2574 756 cuius
2617 694 2792 757 enim

482 795 691 858 filiam
750 816 1031 859 uxorem
1092 795 1332 859 ducere
1404 816 1539 859 non
1611 796 1784 875 licet,
1845 796 1982 859 eius
2043 784 2258 878 nequ'e
2317 807 2586 878 neptem
2647 818 2795 879 per-

485 902 785 963 mittitur.
868 900 1007 962 eius
1036 919 1193 962 vero
1225 899 1534 975 mulieris,
1558 920 1760 981 quam
1791 910 1984 983 pater
2013 909 2162 965 tuus
2194 902 2558 981 adoptavit,
2591 901 2794 963 filiam

484 1024 617 1066 non
678 1004 921 1067 videris
979 1003 1281 1085 impediri
1342 1024 1620 1068 uxorem
1697 1005 1952 1082 ducere,
2011 1004 2167 1085 quia
2227 1024 2443 1086 neque
2517 1006 2795 1068 naturali

485 1129 701 1190 neque
760 1109 933 1171 civili
986 1109 1123 1171 iure
1183 1107 1303 1170 tibi
1356 1110 1790 1191 coniungitur.
1895 1108 2193 1172 Duorum
2247 1118 2470 1172 autem
2523 1108 2794 1173 fratrum
2821 1114 2860 1166 4

484 1212 589 1275 vel
636 1231 930 1275 sororum
977 1211 1165 1275 liberi
1210 1210 1314 1275 vel
1360 1212 1577 1276 fratris
1612 1224 1692 1277 -et
1737 1213 1977 1277 sororis
2024 1212 2201 1295 iungi
2233 1222 2529 1295 possunt.
2622 1213 2794 1276 Item
2823 1220 2857 1273 5

484 1318 763 1380 amitam
834 1316 989 1380 licet
1055 1317 1441 1400 adoptivam
1516 1337 1796 1381 uxorem
1872 1316 2111 1381 ducere
2184 1337 2318 1379 non
2386 1317 2558 1391 licet,
2635 1318 2796 1381 item

488 1430 931 1497 materteram,
1005 1421 1161 1502 quia
1235 1432 1585 1503 parentum
1660 1422 1808 1485 loco
1882 1419 2226 1485 habentur.
2340 1441 2472 1503 qua
2547 1424 2798 1485 ratione

484 1545 713 1589 verum
756 1536 857 1589 est
896 1544 1207 1607 magnam
1258 1546 1523 1608 quoque
1566 1528 1845 1589 amitam
1893 1538 1961 1589 et
2015 1536 2439 1589 materteram
2484 1546 2795 1608 magnam

486 1629 817 1712 prohiberi
882 1650 1161 1693 uxorem
1226 1630 1484 1693 ducere.
1596 1628 1995 1693 Adfinitatis
2053 1650 2317 1712 quoque
2376 1632 2796 1694 veneratione
2822 1642 2858 1697 6

485 1735 897 1815 quarundam
943 1736 1187 1817 nuptiis
1233 1734 1565 1797 abstinere
1610 1754 1879 1798 necesse
1924 1743 2044 1797 est.
2136 1744 2208 1797 ut
2239 1754 2391 1797 ecce
2427 1735 2796 1816 privignam

484 1849 604 1902 aut
665 1859 901 1901 nurum
968 1859 1249 1902 uxorem
1316 1839 1556 1902 ducere
1623 1859 1755 1901 non
1818 1838 1988 1915 licet,
2041 1838 2194 1920 quia
2254 1846 2570 1919 utraeque
2621 1837 2797 1901 filiae

486 1940 635 2004 loco
694 1952 867 2005 sunt.
972 1943 1153 2023 quod
1216 1942 1469 2006 scilicet
1535 1944 1630 2005 ita
1695 1942 1905 2023 accipi
1971 1940 2232 2015 debeat,
2291 1941 2344 2003 si
2414 1939 2540 2003 suit
2600 1962 2796 2005 nurus

484 2056 603 2110 aut
648 2048 982 2128 privigna:
1033 2066 1187 2109 nam
1237 2047 1290 2110 si
1336 2044 1553 2109 adhuc
1590 2067 1788 2109 nurus
1834 2054 1953 2123 est,
1983 2044 2048 2107 id
2097 2055 2199 2109 est
2240 2045 2294 2107 si
2335 2042 2551 2107 adhuc
2594 2054 2798 2127 nupta

488 2158 588 2212 est
620 2148 755 2211 filio
787 2159 921 2227 tu0,
950 2148 1081 2213 alia
1124 2151 1378 2213 ratione
1418 2169 1698 2212 uxorem
1746 2168 1894 2212 eam
1940 2149 2181 2211 ducere
2219 2168 2350 2211 non
2385 2149 2615 2230 possiS,
2645 2150 2799 2231 quia

487 2252 721 2315 eadem
753 2254 1012 2316 duobus
1044 2263 1248 2336 nupta
1293 2274 1437 2317 esse
1482 2274 1615 2316 non
1663 2261 1922 2334 potest:
1969 2253 2129 2314 item
2163 2252 2213 2315 si
2255 2250 2471 2315 adhuc
2500 2253 2798 2335 privigna

489 2368 605 2420 tua
636 2368 753 2432 est,
787 2357 854 2420 id
888 2367 992 2421 est
1034 2359 1089 2421 si
1137 2368 1352 2420 mater
1387 2358 1526 2421 eius
1571 2358 1691 2420 tibi
1739 2366 1946 2438 nupta
1991 2366 2109 2432 est,
2146 2356 2296 2419 ideo
2338 2377 2486 2419 eam
2517 2376 2795 2419 uxorem

488 2463 727 2524 ducere
758 2482 889 2525 non
932 2463 1199 2543 poteris,
1234 2462 1387 2542 quia
1428 2462 1595 2525 duas
1641 2480 1886 2525 uxores
1926 2460 2162 2525 eodem
2209 2470 2509 2544 tempore
2552 2462 2797 2525 habere

489 2587 621 2628 non
650 2565 823 2630 licet.
887 2565 1163 2660 Socrum
1187 2587 1453 2650 quoque
1478 2575 1544 2630 et
1576 2587 1928 2666 ngyercam
1958 2565 2360 2648 prohibitum
2394 2577 2494 2630 est
2517 2587 2794 2630 uxorem
2825 2579 2858 2630 7

486 2669 743 2748 ducere,
803 2672 957 2753 quia
1020 2673 1248 2735 matris
1322 2671 1471 2734 loco
1544 2680 1718 2734 sunt.
1803 2672 2011 2760 [quod
2073 2681 2140 2734 et
2202 2671 2415 2754 ipsum
2475 2671 2798 2735 dissoluta

491 2775 761 2838 demum
796 2775 1145 2840 adfinitate
1187 2776 1524 2858 procedit:
1570 2775 1864 2857 alioquin
1907 2778 1961 2838 si
2001 2777 2218 2840 adhuc
2261 2797 2542 2839 noverca
2578 2786 2694 2849 est,
2729 2776 2795 2839 id

490 2888 594 2941 est
620 2879 675 2940 si
706 2877 923 2941 adhuc
965 2880 1135 2962 patri
1178 2888 1295 2942 tuo
1342 2889 1549 2961 nupta
1594 2888 1714 2956 est,
1744 2882 2076 2943 communi
2119 2882 2255 2943 iure
2293 2880 2648 2962 impeditur
2679 2880 2799 2942 tibi

493 2981 756 3058 nubere,
790 2983 945 3063 quia
998 2983 1231 3045 eadem
1283 2983 1541 3045 duobus
1592 2992 1797 3063 nupta
1844 3003 1986 3045 esse
2038 3004 2166 3045 non
2222 2991 2480 3065 potest:
2537 2983 2697 3045 item
2745 2984 2798 3044 si

492 3085 709 3149 adhuc
740 3107 960 3170 socrus
992 3097 1108 3165 est,
1140 3087 1206 3149 id
1256 3097 1356 3152 est
1400 3089 1455 3150 si
1494 3087 1711 3151 adhuc
1753 3086 1886 3150 filia
1925 3088 2064 3150 eius
2100 3088 2221 3150 tibi
2254 3094 2459 3168 nupta
2492 3096 2613 3158 est,
2646 3086 2798 3148 ideo

493 3190 939 3273 impediuntur
986 3193 1273 3274 nuptiae,
1334 3192 1489 3272 quia
1548 3193 1713 3255 duas
1772 3213 2014 3256 uxores
2075 3191 2316 3254 habere
2375 3209 2506 3252 non
2567 3190 2797 3271 possis.

494 3294 721 3357 Mariti
752 3306 975 3358 tamen
1010 3297 1181 3361 filius
1212 3317 1299 3358 ex
1343 3296 1472 3360 alia
1511 3317 1720 3358 uxore
1752 3307 1818 3360 et
1849 3297 2074 3360 uxoris
2115 3294 2250 3357 filia
2281 3315 2367 3357 ex
2399 3294 2530 3357 alio
2563 3294 2798 3356 marito
2826 3297 2860 3350 8

490 3398 593 3461 vel
628 3409 853 3463 contra
880 3401 1371 3463 matrimonium
1397 3411 1573 3464 recte
1603 3398 2021 3474 contrahunt,
2043 3399 2192 3463 licet
2219 3399 2510 3462 habeant
2533 3398 2800 3462 fratrem

495 3633 773 3704 marriage
816 3636 1071 3690 between
1109 3652 1147 3690 a
1182 3653 1317 3689 man
1356 3635 1471 3690 and
1506 3635 1597 3689 his
1635 3635 1908 3688 brother's
1948 3633 2228 3703 daughter
2265 3651 2378 3688 was
2417 3634 2688 3703 legalised
2724 3633 2800 3702 by

498 3717 784 3785 ClaudiuS,
828 3719 953 3772 who
994 3718 1241 3772 married
1283 3717 1599 3789 Agrippina
1643 3717 1826 3771 under
1863 3716 1951 3772 his
1996 3735 2121 3771 own
2161 3717 2297 3784 mle,
2339 3718 2553 3785 though
2599 3717 2641 3770 it
2686 3734 2800 3770 was

496 3801 704 3869 always
730 3802 994 3856 unlawful
1033 3813 1093 3856 to
1134 3819 1320 3870 marry
1345 3820 1381 3856 a
1405 3802 1565 3856 niece
1591 3802 1668 3870 by
1693 3818 1730 3855 a
1753 3800 1936 3854 sister.
2015 3801 2387 3856 Constantine
2425 3800 2678 3855 restored
2704 3801 2802 3853 the

494 3883 721 3938 ancient
761 3882 883 3952 la‘w,
909 3885 1025 3939 and
1060 3885 1316 3940 branded
1355 3885 1636 3954 marriage
1662 3883 1794 3938 with
1832 3900 1869 3937 a
1905 3885 2180 3939 brother’s
2220 3885 2499 3955 daughter
2537 3882 2668 3938 with
2703 3884 2801 3938 the

498 3983 669 4021 name
696 3968 760 4021 of
778 3968 975 4038 incest,
1006 3969 1143 4024 Cod.
1173 3969 1393 4024 Theod.
1426 3985 1468 4022 1.
1497 3985 1547 4023 2.

570 4052 687 4117 54.
728 4051 1014 4121 Mas'riage
1058 4053 1312 4106 between
1351 4051 1469 4106 first
1508 4051 1754 4120 cousinS,
1797 4051 1980 4106 which
2019 4051 2316 4120 originally
2348 4069 2463 4105 was
2501 4050 2801 4119 unknown,

494 4134 789 4203 gradually
814 4151 977 4189 carne
1014 4144 1073 4190 to
1110 4136 1183 4190 be
1221 4134 1541 4204 permitted,
1584 4135 1724 4204 Livy
1749 4151 1834 4202 42.
1865 4150 1949 4204 34,
1977 4137 2113 4190 Tac.
2141 4138 2287 4188 Ann.
2325 4150 2403 4189 12.
2427 4135 2480 4202 6,
2507 4133 2622 4188 and
2660 4133 2804 4188 aster

492 4217 669 4285 being
704 4216 1027 4286 prohibited
1062 4218 1139 4286 by
1166 4217 1524 4273 Theodosius
1562 4220 1607 4288 1,
1635 4235 1750 4274 was
1785 4219 1953 4289 again
1990 4218 2161 4273 made
2198 4217 2384 4272 lawful
2420 4218 2498 4286 by
2521 4215 2802 4270 Arcadius

494 4301 615 4354 and
644 4299 949 4368 HonoriuS,
980 4301 1118 4355 Cod.
1154 4313 1201 4370 5.
1226 4316 1277 4367 4.
1312 4315 1389 4370 19.
2029 4303 2036 4309 ’

570 4386 599 4451 §
628 4387 680 4439 ’1.
724 4383 1009 4453 Marriage
1036 4383 1167 4438 with
1194 4401 1231 4438 a
1256 4384 1535 4438 deceased
1562 4384 1731 4438 wife’s
1758 4385 1925 4440 sister
1950 4401 2063 4439 was
2099 4383 2396 4439 forbidden
2423 4382 2501 4450 by
2525 4384 2802 4436 Constan-

494 4467 614 4522 tine
654 4467 821 4536 (Cod.
849 4467 1065 4523 Theod.
1102 4483 1145 4523 1.
1174 4467 1246 4536 2),
1274 4468 1390 4522 and
1427 4468 1502 4538 by
1528 4467 1909 4538 Valentinian,
1937 4468 2310 4536 TheodosiuS,
2350 4465 2466 4521 and
2502 4461 2803 4534 ArcadiuS,

498 4551 641 4606 Cod.
672 4563 715 4620 5.
749 4564 794 4620 5.
826 4563 871 4621 5.
