3230 5116
265 411 366 459 Tit.
393 403 498 469 ια]
1134 401 1256 455 DE
1296 400 1520 455 LEGA
1533 400 1682 456 TIS.
2441 393 2566 476 289

261 566 526 631 tutione
569 564 874 628 additum
921 574 1040 639 est,
1073 573 1166 639 ut,
1199 563 1335 629 sive
1379 563 1598 645 plures
1645 562 1948 646 legatarii
1986 563 2297 638 existant,
2331 566 2569 647 quibus

265 672 455 753 optio
485 668 714 735 relicta
744 679 863 747 est,
894 679 961 732 et
1001 667 1393 733 dissentiant
1433 667 1500 730 in
1539 688 1813 749 corpore
1850 668 2178 750 eligend0,
2210 670 2346 733 sive
2378 672 2569 733 unius

265 772 565 856 legatarii
595 772 818 855 plures
846 771 1144 846 heredes,
1177 777 1244 856 et
1275 770 1448 835 inter
1475 791 1548 834 se
1578 772 1748 835 circa
1778 771 2146 853 optandum
2178 772 2569 837 dissentiant

267 879 402 942 alio
444 878 625 941 aliud
672 896 908 958 corpus
953 860 1206 958 eligere
1249 875 1574 957 cupiente,
1620 894 1703 937 ne
1748 884 1977 958 pereat
2024 876 2315 958 legatum
2361 874 2570 961 (quod

270 981 567 1065 plerique
589 979 1014 1061 prudentium
1047 988 1274 1042 contra
1304 978 1837 1041 benevolentiam
1869 978 2419 1065 introducebant),
2444 980 2573 1042 for-

271 1096 504 1149 tunam
538 1104 679 1148 esse
710 1083 904 1147 huius
933 1084 1222 1166 optionis
1258 1082 1542 1147 iudicem
1586 1090 1655 1145 et
1694 1091 1868 1146 sorte
1910 1103 2053 1145 esse
2094 1082 2223 1147 hoc
2262 1084 2572 1148 dirimen-

271 1190 454 1265 dum,
500 1198 593 1263 ut,
635 1188 722 1251 ad
768 1207 969 1269 quem
1014 1208 1154 1251 sors
1189 1187 1548 1269 perveniat,
1595 1185 1769 1249 illius
1812 1186 2143 1251 sententia
2191 1188 2259 1251 in
2305 1190 2576 1271 optione

272 1291 648 1375 praecellat.

363 1394 603 1476 Legari
633 1404 858 1459 autem
889 1392 1018 1457 illis
1047 1392 1202 1456 solis
1231 1403 1471 1475 potest,
1502 1413 1653 1457 cum
1687 1392 1925 1475 quibus
1961 1395 2343 1459 testamenti
2375 1393 2575 1458 factio
2602 1402 2673 1455 24

276 1507 400 1562 est.
491 1498 764 1561 Incertis
793 1517 949 1560 vero
982 1498 1280 1579 personis
1312 1516 1528 1578 neque
1557 1495 1781 1579 legata
1819 1518 2035 1579 neque
2066 1497 2576 1563 fideicommissa
2604 1505 2675 1558 25

278 1602 436 1665 olim
474 1602 750 1684 relinqui
783 1620 1166 1665 concessum
1199 1611 1381 1665 erat:
1429 1620 1583 1663 nam
1617 1621 1737 1664 nec
1769 1601 1958 1665 miles
1989 1602 2259 1684 quidem
2294 1604 2581 1673 incertae

279 1726 594 1789 personae
651 1715 916 1789 poterat
973 1705 1354 1787 relinquere,
1415 1714 1489 1768 ut
1543 1706 1733 1768 divus
1790 1705 2173 1773 Hadrianus
2232 1708 2578 1789 rescripsit.

280 1812 527 1875 incerta
601 1822 826 1875 autem
898 1829 1180 1893 persona
1242 1808 1608 1881 videbatur,
1680 1829 1881 1890 quam
1950 1810 2201 1875 incerta
2268 1812 2581 1893 opinione

278 1915 501 1978 animo
541 1934 661 1977 suo
703 1922 983 1977 testator
1025 1912 1409 1985 subiciebat,
1440 1910 1645 1975 veluti
1692 1911 1747 1975 si
1784 1912 1931 1995 quis
1972 1914 2067 1977 ita
2105 1914 2325 1977 dicat:
2397 1920 2412 1947 ‘
2438 1916 2582 1995 qui-

280 2038 562 2100 cumque
599 2017 735 2081 filio
771 2037 919 2081 meo
950 2018 1015 2080 in
1051 2016 1542 2080 matrimonium
1580 2014 1787 2079 filiam
1828 2036 2016 2079 suam
2059 2016 2493 2093 collocaverit,
2523 2018 2581 2080 el

279 2122 468 2185 heres
499 2142 686 2185 meus
719 2121 904 2185 illum
944 2120 1221 2184 fundum
1263 2120 1421 2184 dato
1444 2115 1488 2182 :’
1545 2119 1705 2183 illud
1739 2141 2021 2203 quoque,
2050 2122 2230 2207 quod
2260 2120 2363 2183 his
2394 2121 2584 2185 relin-

279 2226 624 2307 quebatur,
657 2225 769 2306 qui
814 2232 968 2306 post
1008 2232 1484 2287 testamentum
1524 2224 1841 2305 scriptum
1885 2225 2078 2306 primi
2124 2226 2426 2289 consules
2470 2226 2583 2287 de-

283 2330 522 2411 signati
581 2338 788 2404 erunt,
839 2348 1048 2409 aeque
1102 2328 1388 2391 incertae
1441 2347 1764 2409 personae
1812 2326 2017 2409 legari
2063 2328 2452 2394 videbatur:
2517 2338 2585 2392 et

282 2433 568 2514 denique
601 2431 847 2495 multae
875 2432 1044 2495 aliae
1070 2431 1446 2495 huiusmodi
1478 2432 1731 2513 species
1760 2443 1933 2495 sunt.
2020 2433 2291 2496 libertas
2321 2452 2588 2515 quoque

283 2556 416 2601 non
474 2536 821 2602 videbatur
877 2556 1074 2619 posse
1133 2536 1418 2600 incertae
1470 2556 1793 2618 personae
1854 2536 2013 2612 dari,
2070 2538 2225 2620 quia
2276 2537 2587 2620 placebat

286 2641 676 2705 nominatim
708 2661 930 2704 servos
961 2639 1234 2703 liberari.
1324 2650 1504 2703 tutor
1537 2661 1803 2724 quoque
1844 2652 2062 2705 certus
2103 2643 2242 2705 dari
2281 2641 2587 2705 debebat.

283 2745 408 2808 sub
451 2754 632 2809 certa
668 2766 826 2809 vero
869 2744 1450 2822 demonstratione,
1495 2745 1562 2808 id
1605 2754 1712 2809 est
1762 2765 1851 2808 ex
1898 2746 2095 2809 certis
2142 2747 2443 2827 personis
2492 2746 2589 2807 in-

281 2859 504 2914 certae
538 2869 876 2931 personae,
905 2859 1084 2914 recte
1113 2848 1475 2931 legabatur,
1501 2849 1707 2912 veluti
1747 2855 1762 2882 ‘
1784 2870 1873 2912 ex
1918 2851 2217 2931 cognatis
2265 2850 2429 2913 meis
2472 2851 2588 2932 qui

288 2973 462 3016 nunc
490 2962 647 3016 sunt
685 2953 738 3016 si
770 2953 917 3035 quis
947 2952 1150 3016 filiam
1192 2949 1410 3015 meam
1453 2972 1733 3014 uxorem
1766 2953 2053 3027 duxerit,
2089 2953 2147 3016 ei
2180 2952 2370 3016 heres
2403 2972 2591 3015 meus

291 3055 471 3120 illam
503 3076 642 3120 rem
675 3056 876 3121 dato.'
990 3057 1252 3120 incertis
1280 3065 1507 3118 autem
1539 3058 1837 3137 personis
1869 3055 2091 3137 legata
2120 3056 2226 3120 vel
2258 3057 2593 3120 fideicom-

292 3161 496 3223 missa
541 3160 770 3226 relicta
823 3172 891 3225 et
939 3181 1057 3242 per
1102 3180 1386 3223 errorem
1427 3157 1647 3222 soluta
1692 3160 1901 3241 repeti
1956 3181 2096 3224 non.
2141 3181 2336 3243 posse
2396 3161 2593 3224 sacris

295 3264 872 3329 constitutionibus
909 3274 1176 3328 cautum
1225 3272 1383 3328 erat.
1476 3263 1794 3327 Postumo
1841 3284 2108 3347 quoque
2145 3264 2360 3328 alieno
2401 3265 2593 3328 inuti·
2621 3265 2693 3319 26

293 3369 446 3433 liter
486 3369 870 3452 legabatur:
921 3380 1022 3432 est
1065 3378 1289 3432 autem
1328 3367 1580 3432 alienus
1626 3377 1992 3450 postumuS,
2030 3369 2140 3451 qui
2188 3378 2381 3433 natus
2428 3370 2599 3433 inter

297 3492 450 3536 suos
500 3472 774 3536 heredes
827 3472 1162 3537 testatoris
1215 3471 1470 3536 futurus
1519 3492 1652 3535 non
1706 3481 1847 3536 est:
1902 3473 2185 3554 ideoque
2236 3493 2325 3536 ex
2373 3467 2597 3535 ernan-

291 3578 512 3658 cipato
556 3577 692 3640 filio
744 3587 1102 3658 conceptus
1167 3597 1376 3658 nepos
1430 3587 1790 3641 extraneus
1859 3588 2001 3662 erat
2054 3587 2403 3658 postumus
2451 3598 2599 3640 av0.

299 3679 434 3743 Sed
465 3700 586 3743 nec
617 3679 991 3743 huiusmodi
1021 3681 1274 3761 species
1304 3681 1569 3762 penitus
1607 3688 1709 3744 est
1751 3681 1891 3743 sine
1931 3681 2105 3744 iusta
2137 3681 2599 3744 emendatione
2626 3695 2695 3747 27

297 3783 630 3860 derelicta,
660 3804 809 3848 cum
841 3785 908 3847 in
939 3795 1162 3848 nostro
1194 3785 1420 3848 codice
1452 3785 1837 3848 constitutio
1868 3785 2087 3866 posita
2117 3794 2236 3862 est,
2259 3805 2376 3866 per
2399 3806 2600 3867 quam

301 3898 368 3953 et
399 3887 549 3952 huic
579 3889 752 3970 parti
778 3889 1186 3952 medevimus
1217 3909 1348 3953 non
1380 3888 1594 3953 solum
1628 3891 1695 3952 in
1727 3889 2225 3963 hereditatibuS,
2252 3891 2369 3952 sed
2396 3891 2598 3954 etiam

301 3992 367 4054 in
400 3991 636 4074 legatis
666 4004 734 4056 et
764 3993 1328 4058 fideicommissis:
1376 3995 1554 4076 quod
1604 3994 1943 4058 evidenter
1983 4013 2072 4056 ex
2115 3994 2321 4076 ipsius
2362 3995 2602 4058 consti-

300 4096 576 4160 tutionis
605 4095 889 4161 lectione
919 4097 1238 4162 clarescit.
1328 4109 1510 4162 tutor
1544 4109 1767 4161 autem
1808 4117 1929 4161 nec
1970 4118 2090 4180 per
2126 4107 2418 4161 nostram
2450 4118 2604 4161 con-

378 4284 407 4357 ξ
434 4290 534 4342 25.
573 4289 688 4342 For
707 4287 955 4342 incertae
975 4303 1253 4356 personae
1272 4286 1387 4341 and
1406 4286 1731 4341 testamenti
1760 4285 1930 4341 factio
1952 4303 2048 4341 see
2070 4285 2248 4341 Gaius
2266 4285 2319 4342 ii.
2343 4289 2605 4353 238—240,

304 4368 419 4424 and
456 4380 592 4425 note
627 4387 703 4425 on
738 4371 848 4425 Tit.
883 4386 960 4436 14.
988 4387 1069 4440 pr.
1098 4387 1251 4440 supr.
1279 4389 1292 4435 ;
1327 4369 1414 4423 for
1449 4370 1548 4423 the
1585 4367 1822 4439 validity
1858 4370 1925 4424 of
1952 4369 2393 4425 fideicommissa
2430 4379 2489 4423 to
2522 4369 2606 4420 in-

305 4462 494 4508 certae
518 4470 814 4524 personae,
838 4465 972 4508 note
1001 4452 1078 4523 (3)
1107 4470 1182 4507 on
1209 4453 1321 4507 Tit.
1349 4467 1434 4520 ²3·
1468 4467 1489 4506 1
1526 4451 1622 4507 inf.

378 4534 442 4607 ἕξ
471 4539 570 4605 28,
596 4540 692 4594 2¹1.
732 4539 846 4592 For
869 4539 1068 4610 legacy
1092 4547 1154 4593 to
1187 4535 1434 4607 postumi
1472 4533 1641 4591 alieni
1674 4553 1770 4593 see
1797 4537 1974 4593 Gaius
2000 4536 2056 4594 ii.
2082 4551 2181 4604 241
2212 4536 2328 4590 and
2362 4544 2495 4590 note
2532 4551 2609 4598 on

1429 4635 1479 4687 U
