3230 5116
597 417 720 501 278
999 421 1703 480 INSTITUTIONUM
1732 419 1971 476 LIBRI
2009 419 2483 492 QUATTUOR.
2676 419 2806 486 [Lib.
2832 427 2897 476 11.

591 590 784 655 heres
815 597 1217 655 testamento
1248 587 1589 654 institutus
1610 595 1729 652 aut
1752 586 1837 651 ab
1862 586 2178 651 intestato
2202 585 2287 649 ad
2311 584 2677 668 legitimam
2709 584 2895 650 here-

543 675 551 683 ·
595 695 876 758 ditatem
906 702 1180 757 vocatus
1209 701 1432 775 potest
1462 701 1580 756 aut
1607 711 1728 772 pro
1758 689 2002 753 herede
2023 688 2317 771 gerendo
2339 689 2445 752 vel
2484 690 2685 754 etiam
2718 690 2897 754 nuda

593 795 938 861 voluntate
996 795 1451 879 suscipiendae
1510 793 1898 857 hereditatis
1954 792 2145 856 heres
2207 790 2367 855 fieri.
2468 812 2590 876 pro
2651 792 2897 857 herede

591 908 818 964 autem
851 919 1077 982 gerere
1106 899 1254 980 quis
1276 899 1551 970 videtur,
1579 897 1635 961 si
1667 894 1860 959 rebus
1890 893 2301 959 hereditariis
2333 904 2677 978 tamquam
2706 896 2895 962 heres

593 1012 818 1067 utatur
855 1002 960 1066 vel
1006 1001 1356 1066 vendendo
1401 1020 1501 1064 res
1537 998 1967 1063 hereditarias
2011 1009 2129 1064 aut
2168 999 2441 1080 praedia
2480 999 2759 1064 colendo
2798 999 2897 1063 lo·

594 1107 891 1169 candove
935 1114 1002 1170 et
1045 1125 1314 1188 quoquo
1357 1104 1556 1167 modo
1593 1103 1649 1167 si
1679 1102 2089 1167 voluntatem
2132 1122 2321 1166 suam
2358 1101 2651 1168 declaret
2676 1102 2783 1166 vel
2827 1124 2897 1168 re

593 1207 697 1272 vel
727 1208 944 1272 verbis
972 1210 1058 1273 de
1087 1209 1394 1272 adeunda
1421 1206 1807 1283 hereditate,
1829 1204 2194 1269 dummodo
2224 1206 2390 1270 sciat
2421 1225 2593 1282 eum,
2615 1207 2682 1268 in
2712 1207 2897 1271 cuius

593 1311 787 1375 bonis
839 1332 960 1394 pro
1008 1311 1252 1375 herede
1296 1311 1484 1393 gerit,
1533 1317 1780 1373 testato
1840 1309 2241 1373 intestatove
2292 1308 2536 1372 obiisse
2586 1318 2655 1372 et
2702 1330 2775 1373 se
2835 1310 2895 1373 ei

595 1414 911 1479 heredem
943 1435 1106 1480 esse.
1177 1435 1296 1498 pro
1331 1413 1575 1477 herede
1604 1415 1783 1478 enim
1807 1433 2034 1495 gerere
2065 1422 2165 1478 est
2184 1433 2303 1494 pro
2334 1412 2605 1476 domino
2635 1433 2894 1497 gerere:

596 1530 851 1584 veteres
897 1521 1073 1582 enim
1121 1517 1398 1582 heredes
1445 1539 1565 1600 pro
1609 1518 1896 1581 dominis
1943 1516 2387 1600 appellabant.
2456 1518 2626 1582 sicut
2670 1527 2896 1582 autem

595 1622 775 1684 nuda
796 1621 1140 1686 voluntate
1164 1631 1518 1686 extraneus
1547 1620 1739 1684 heres
1769 1620 1861 1694 fit,
1884 1621 1977 1686 ita
2000 1631 2071 1685 et
2099 1621 2423 1684 contraria
2453 1621 2898 1686 destinatione

598 1725 826 1789 statim
871 1725 957 1788 ab
1001 1724 1369 1790 hereditate
1414 1723 1772 1807 repellitur.
1848 1743 2019 1802 eum,
2068 1723 2182 1805 qui
2237 1733 2460 1787 mutus
2503 1722 2607 1786 vel
2661 1725 2897 1787 surdus

595 1836 790 1891 natus
820 1837 921 1892 est
949 1827 1056 1892 vel
1086 1837 1318 1910 postea
1345 1827 1572 1902 factuS,
1607 1825 1769 1890 nihil
1800 1826 2107 1910 prohibet
2140 1846 2260 1909 pro
2294 1825 2536 1890 herede
2566 1847 2792 1910 gerere
2829 1835 2897 1892 et

595 1930 938 2012 adquirere
967 1930 1093 1995 sibi
1122 1930 1574 2010 hereditatem,
1605 1933 1659 1996 si
1691 1940 1916 1996 tamen
1947 1929 2270 2012 intellegit
2298 1929 2483 2011 quod
2512 1931 2751 2012 agitur.

1671 2173 1827 2239 XX.

1509 2352 1608 2401 m:
1656 2349 1989 2400 LEGArls.

689 2500 850 2567 Post
877 2499 1043 2568 haec
1072 2500 1414 2566 videamus
1447 2498 1531 2565 de
1575 2498 1833 2582 legatis.
1919 2519 2094 2583 quae
2122 2519 2274 2583 pars
2318 2500 2473 2564 iuris
2519 2510 2711 2567 extra
2747 2522 2896 2586 pro-

599 2604 888 2687 positam
920 2606 1189 2688 quidem
1221 2604 1568 2669 materiam
1597 2605 1899 2668 videtur:
1947 2624 2101 2667 nam
2134 2604 2465 2686 loquimur
2495 2607 2581 2669 de
2608 2604 2711 2669 his
2741 2606 2897 2669 iuris

599 2706 840 2789 figuriS,
870 2709 1106 2791 quibus
1158 2728 1276 2791 per
1318 2708 1813 2773 universitatem
1860 2727 1962 2771 res
2008 2706 2201 2770 nobis
2236 2708 2687 2789 adquiruntur.
2778 2710 2895 2774 sed

595 2829 747 2874 cum
784 2812 1054 2876 omnino
1097 2812 1186 2877 de
1221 2813 1641 2877 testamentis
1682 2813 1899 2893 deque
1936 2810 2287 2874 heredibus
2324 2812 2437 2893 qui
2486 2821 2891 2876 testamento

597 2915 1027 2981 instituuntur
1052 2917 1254 2981 locuti
1287 2937 1534 2993 sumuS,
1566 2937 1699 2979 non
1740 2917 1881 2979 sine
1922 2935 2121 2979 causa
2164 2916 2466 2999 sequenti
2497 2915 2644 2981 loco
2674 2924 2896 2999 potest

599 3019 764 3085 haec
795 3020 951 3085 iuris
981 3022 1259 3086 materia
1288 3022 1577 3086 tractari.

599 3202 965 3272 inheritance,
990 3204 1207 3274 though
1239 3204 1433 3260 before
1465 3204 1562 3259 the
1600 3204 1873 3260 abolition
1911 3202 1977 3258 of
2006 3204 2285 3260 cretiones
2312 3205 2469 3273 (note
2502 3222 2577 3259 on
2605 3203 2633 3275 ἕ
2667 3216 2693 3273 5
2722 3202 2895 3273 supr.)

599 3304 636 3342 a
672 3286 872 3341 formal
911 3297 1256 3358 acceptance
1298 3288 1478 3357 might
1521 3288 1669 3342 have
1713 3287 1857 3343 been
1897 3286 2160 3357 required
2200 3288 2278 3357 by
2310 3288 2407 3342 the
2444 3296 2697 3342 testator.
2770 3288 2897 3341 The

599 3388 754 3426 mere
792 3370 1070 3425 intention
1113 3382 1172 3425 to
1214 3380 1432 3441 accept,
1465 3370 1742 3441 provided
1778 3370 1820 3426 it
1858 3387 1972 3425 was
2016 3368 2327 3425 evidenced
2364 3370 2441 3440 by
2465 3370 2649 3424 words
2684 3386 2749 3423 or
2772 3379 2897 3424 acts

601 3454 728 3523 (pro
767 3452 977 3508 herede
1014 3452 1242 3523 gestio),
1277 3471 1391 3509 was
1435 3453 1729 3509 sufficient.
1808 3456 1860 3508 It
1900 3452 2079 3523 might
2123 3463 2238 3521 not,
2253 3448 2555 3521 'however,
2593 3451 2670 3506 be
2690 3450 2893 3521 partial

599 3536 642 3605 (θ
659 3535 764 3592 sed
797 3544 854 3590 et
889 3536 936 3590 si
970 3535 1095 3607 quis
1121 3553 1190 3591 ex
1213 3536 1466 3607 pluribus
1492 3535 1745 3606 partibus
1776 3534 1834 3589 in
1864 3535 2121 3590 eiusdem
2150 3534 2463 3590 hereditate
2490 3533 2778 3589 institutus
2804 3534 2895 3605 sit,

595 3634 712 3673 non
737 3628 924 3689 potest
951 3618 1228 3688 quasdam
1253 3630 1444 3689 partes
1469 3618 1783 3688 repudiare,
1809 3617 2087 3689 quasdam
2112 3619 2450 3688 agnoscere'
2478 3617 2610 3688 Dig.
2637 3632 2723 3687 29-
2745 3632 2790 3671 2.
2821 3618 2895 3689 2),

595 3718 662 3757 or
685 3700 1048 3769 conditional,
1074 3702 1162 3755 for
1192 3700 1522 3757 hereditatis
1559 3700 1738 3756 aditio
1772 3718 1889 3755 was
1926 3718 2001 3755 an
2037 3712 2199 3756 actus
2236 3700 2521 3771 legitimus
2548 3720 2561 3757 :
2598 3702 2613 3729 ‘
2634 3700 2738 3755 sed
2762 3711 2820 3756 et
2846 3700 2893 3756 si

596 3784 722 3855 quis
749 3784 829 3839 ita
852 3784 1070 3854 dixerit,
1095 3784 1144 3839 si
1170 3785 1442 3841 solvendo
1475 3784 1762 3839 hereditas
1800 3793 1904 3853 est,
1940 3784 2088 3839 adeo
2124 3783 2515 3853 hereditatem,
2539 3786 2695 3839 nulla
2717 3783 2895 3839 aditio

595 3869 712 3922 est’
741 3866 870 3935 Dig.
899 3866 974 3922 ib.
1005 3879 1084 3936 51.
1113 3882 1162 3921 2.
1238 3869 1362 3922 Nor
1403 3867 1571 3922 could
1613 3866 1792 3921 aditio
1830 3866 1986 3922 itself
2020 3867 2094 3922 be
2136 3868 2307 3923 made
2350 3885 2425 3923 on
2468 3868 2669 3923 behalf
2696 3868 2765 3921 of
2796 3869 2896 3923 the

597 3949 884 4005 institutus
908 3950 986 4019 by
1011 3966 1084 4005 an
1110 3960 1310 4021 agent:
1343 3949 1360 3979 ‘
1375 3949 1685 4020 respondit,
1704 3966 1806 4019 per
1828 3961 2248 4019 procuratorem
2274 3950 2648 4007 hereditatem
2674 3950 2895 4021 adquiri

597 4050 712 4088 non
737 4034 937 4103 posse'
964 4032 1099 4102 Dig.
1123 4033 1196 4088 ib.
1225 4048 1311 4103 90,
1338 4033 1554 4103 though
1579 4033 1695 4088 this
1718 4034 1837 4089 rule
1864 4034 2142 4090 admitted
2173 4034 2239 4088 of
2262 4035 2589 4106 exceptions
2616 4034 2673 4089 in
2698 4034 2897 4089 favour

599 4119 665 4175 os
687 4119 908 4190 juristie
944 4135 1198 4190 persons,
1227 4120 1362 4190 Dig.
1388 4119 1474 4188 36.
1507 4135 1552 4175 1.
1576 4119 1627 4175 6.
1654 4136 1706 4189 4,
1732 4119 1960 4191 infants,
1989 4122 2130 4177 Cod.
2155 4123 2207 4177 6.
2234 4137 2321 4191 30.
2354 4123 2433 4178 18.
2458 4139 2559 4193 pr.,
2586 4122 2703 4177 and
2730 4123 2896 4178 those

598 4203 663 4258 of
691 4204 852 4259 weak
889 4202 1156 4271 intellect,
1189 4204 1330 4259 Cod.
1367 4216 1415 4273 5.
1445 4217 1494 4273 7.
1529 4216 1612 4271 70.
1651 4222 1753 4275 pr.,
1788 4205 1904 4261 and
1939 4206 2036 4261 the
2073 4204 2420 4262 declaration
2458 4206 2524 4260 of
2552 4216 2895 4275 acceptance

599 4286 782 4357 might
814 4286 887 4342 be
925 4286 1093 4343 made
1129 4288 1206 4358 by
1239 4305 1314 4343 an
1350 4298 1520 4357 agent
1557 4289 1784 4359 always,
1813 4288 1943 4359 Dig.
1972 4289 2055 4357 36.
2090 4305 2134 4345 1.
2160 4290 2244 4359 65.
2273 4304 2320 4358 3.
2396 4289 2601 4345 Before
2626 4288 2836 4345 delatio
2860 4306 2897 4344 a

597 4386 804 4441 person
855 4371 1022 4426 could
1069 4382 1170 4427 not
1215 4371 1359 4427 bind
1406 4372 1639 4429 himself
1680 4372 1757 4442 by
1798 4371 1981 4429 either
2020 4384 2367 4444 acceptance
2415 4389 2479 4428 or
2520 4372 2895 4443 repudiation,

600 4452 736 4524 Dig.
779 4468 861 4523 ²9·
904 4468 956 4509 2.
1006 4468 1083 4524 17.
1137 4470 1180 4525 1,
1219 4456 1321 4510 but
1375 4455 1518 4511 after
1565 4455 1777 4512 delatio
1825 4456 2006 4513 either
2047 4456 2501 4527 determination,
2545 4456 2709 4513 when
2750 4472 2895 4512 once

597 4536 952 4608 manifested,
985 4554 1102 4595 was
1139 4538 1500 4609 irrevocable,
1527 4538 1671 4596 Cod.
1694 4539 1745 4596 6.
1772 4554 1859 4609 31.
