3230 5116
547 388 677 472 506
953 396 1103 452 INS
1108 396 1249 452 TIT
1256 395 1365 452 UT
1362 396 1521 452 ION
1524 395 1656 451 UM
1690 395 1933 451 LIBRI
1966 395 2442 468 QUATTUOR.
2615 400 2758 466 [Lib.
2781 406 2888 454 w.

550 583 743 625 suum
791 561 1101 626 dominus
1152 562 1468 645 consequi
1515 582 1649 625 non
1701 561 1930 645 possit,
1979 561 2104 646 ipsi
2153 562 2424 628 domino
2467 562 2624 629 furti
2675 565 2880 628 actio

552 666 889 747 competit,
951 666 1109 747 quia
1165 665 1293 730 hoc
1353 686 1509 728 casu
1568 665 1776 747 ipsius
1841 665 2113 730 interest
2173 650 2344 730 rem'
2373 666 2624 731 salvam
2685 688 2870 732 aese.

552 769 731 832 idem
784 778 886 833 est
938 779 1005 833 et
1064 771 1119 832 si
1182 771 1249 832 in
1300 780 1489 852 parte
1550 767 1867 833 solvendo
1916 769 2050 832 sint
2101 769 2264 832 fullo
2314 780 2430 834 aut
2476 771 2872 835 sarcinator.

458 882 525 936 16
556 870 751 954 Quae
794 873 881 936 de
934 872 1185 937 fullone
1231 883 1300 937 et
1350 875 1750 938 sarcinatore
1804 873 2118 948 diximuS,
2162 875 2400 938 eadem
2452 885 2520 938 et
2564 875 2657 938 ad
2699 895 2868 939 eum

553 977 656 1040 cui
718 978 1141 1041 commodata
1194 999 1294 1041 res
1354 989 1458 1042 est
1518 978 1968 1042 transferenda
2025 988 2280 1042 veteres
2340 979 2822 1044 existimabant
2843 1003 2866 1040 z

554 1101 709 1143 nam
758 1089 832 1144 ut
884 1080 994 1144 ille
1048 1081 1211 1144 fullo
1263 1085 1638 1147 mercedem
1688 1081 2073 1163 accipiendo
2121 1083 2492 1146 custodiam
2539 1093 2868 1164 praestat,

550 1186 643 1248 ita
674 1186 731 1248 is
760 1206 1042 1268 quoque,
1072 1187 1186 1268 qui
1217 1187 1644 1250 commodum
1675 1171 1905 1250 utendi
1937 1185 2234 1269 percipit,
2267 1187 2566 1250 similiter
2587 1207 2868 1251 necesse

551 1288 757 1353 habet
815 1291 1187 1354 custodiam
1248 1301 1607 1374 praestare.
1668 1292 1837 1355 ‚sed
1899 1299 2124 1354 nostra
2183 1291 2614 1373 providentia·
2651 1291 2860 1354 etiam

552 1393 678 1458 hoc
719 1396 787 1457 in
818 1395 1257 1458 decisionibus
1298 1396 1537 1459 nostris
1570 1395 1968 1471 emendavit,
1999 1405 2074 1459 ut
2113 1396 2180 1459 in
2221 1397 2474 1460 domini
2502 1397 2590 1460 sit
2622 1397 2864 1459 volun-

555 1506 719 1572 tate,
764 1481 901 1561 sive
946 1499 1350 1564 commodati
1396 1501 1727 1564 actionem
1773 1499 2087 1562 adversus
2135 1513 2286 1563 eum
2331 1501 2446 1583 qui
2492 1520 2628 1563 rem
2674 1520 2862 1564 com-

556 1603 898 1665 modatam
944 1603 1199 1685 accepit
1237 1603 1509 1668 ‘movere
1554 1604 1912 1679 desiderat,
1961 1605 2098 1667 sive
2143 1603 2295 1667 furti
2341 1605 2654 1667 adversus
2703 1625 2862 1667 eum

554 1707 668 1787 qui
722 1727 860 1770 rem
915 1708 1255 1790 subripuit,
1307 1717 1375 1772 et
1422 1708 1736 1772 alterutra
1788 1727 2010 1771 earum
2067 1709 2278 1772 electa
2329 1709 2674 1774 dominum
2722 1729 2862 1772 non

556 1830 751 1892 posse
812 1831 901 1874 ex
954 1811 1357 1893 paenitentia
1415 1813 1501 1876 ad
1561 1812 1839 1876 alteram
1892 1813 2114 1876 venire
2163 1812 2514 1876 actionem.
2624 1813 2742 1877 sed
2805 1813 2864 1875 si

554 1913 823 1996 quidem
858 1914 1070 1979 furem
1102 1916 1391 1998 elegerit,
1424 1915 1607 1979 illum
1639 1916 1752 1999 qui
1782 1935 1922 1980 rem
1952 1917 2271 1981 utendam
2307 1917 2562 1999 accepit
2592 1917 2866 1999 penitus

557 2018 838 2083 liberari.
923 2018 1021 2083 sin
1083 2032 1309 2084 autem
1370 2021 1830 2084 commodator
1878 2021 2102 2084 veniat
2158 2021 2474 2085 adversus
2533 2040 2683 2085 eum
2743 2021 2864 2101 qui

558 2142 697 2186 rem
756 2125 1075 2189 utendam
1136 2125 1411 2208 accepit,
1448 2124 1591 2207 ipsi
1652 2124 1922 2206 quidem
1986 2124 2168 2188 nullo
2227 2124 2430 2188 modo
2483 2132 2864 2206 competere

558 2247 754 2309 posse
814 2229 1127 2292 adversus
1180 2229 1391 2292 furem
1454 2228 1608 2292 furti
1663 2228 2011 2308 actionem,
2064 2248 2216 2292 eum
2275 2239 2519 2305 autem,
2574 2227 2684 2311 qui
2737 2247 2864 2308 pro

561 2352 629 2394 re
666 2334 1089 2396 commodata
1128 2333 1530 2408 convenitur,
1572 2352 1769 2415 posse
1809 2333 2122 2396 adversus
2161 2333 2374 2396 furem
2416 2332 2570 2396 furti
2613 2331 2866 2396 habere

559 2435 907 2509 actionem,
956 2435 1049 2498 ita
1092 2443 1335 2511 tamen,
1379 2435 1433 2498 si
1480 2433 1792 2498 dominus
1839 2434 2050 2497 sciens
2095 2455 2234 2498 rem
2285 2455 2431 2498 esse
2473 2433 2862 2516 subreptam

558 2537 871 2601 adversus
925 2560 1076 2603 eum
1130 2540 1232 2604 cui
1295 2562 1396 2604 res
1446 2538 1872 2603 commodata
1927 2538 2051 2603 fuit
2097 2540 2434 2622 pervenit:
2480 2539 2581 2603 sin
2633 2547 2860 2604 autem

558 2642 815 2705 nescius
860 2652 927 2707 et
973 2643 1283 2707 dubitans
1329 2664 1466 2707 rem
1512 2664 1645 2707 non
1692 2664 1834 2707 esse
1877 2644 2057 2725 apud
2100 2664 2252 2708 eum
2300 2643 2704 2707 commodati
2749 2663 2862 2707 ac-

559 2746 809 2809 tionem
859 2748 1159 2826 instituit,
1208 2758 1441 2831 postea
1492 2756 1714 2811 autem
1769 2767 1838 2809 re
1886 2757 2226 2829 comperta
2267 2747 2477 2811 voluit
2525 2746 2862 2811 remittere

559 2851 830 2933 quidem
874 2854 1279 2916 commodati
1324 2853 1672 2927 actionem,
1712 2852 1797 2915 ad
1836 2850 1990 2914 furti
2033 2862 2258 2915 autem
2305 2851 2660 2933 pervenire,
2699 2859 2860 2913 tunc

561 2954 821 3019 licentia
854 2956 913 3018 ei
946 2957 1345 3020 concedatur
1374 2964 1442 3019 et
1474 2956 1786 3018 adversus
1815 2953 2025 3018 furem
2054 2956 2275 3018 venire
2307 2955 2487 3018 nullo
2517 2952 2859 3017 obstaculo

561 3059 621 3122 ei
673 3060 1088 3141 opponendo,
1142 3060 1455 3144 quoniam
1506 3060 1792 3121 incertus
1839 3059 2236 3122 constitutus
2289 3058 2497 3121 movit
2547 3058 2860 3121 adversus

560 3183 709 3227 eum
776 3166 889 3248 qui
952 3186 1089 3229 rem
1151 3166 1469 3229 utendam
1529 3162 1786 3245 accepit
1854 3162 2260 3226 commodati
2319 3162 2648 3226 actionem
2707 3158 2858 3246 (nisi

562 3269 832 3332 domino
863 3269 948 3331 ab
986 3288 1065 3333 eo
1106 3268 1513 3333 satisfactum
1559 3276 1698 3330 est:
1745 3274 1904 3329 tunc
1945 3266 2190 3329 etenim
2231 3265 2616 3329 omnimodo
2648 3263 2860 3328 furem

558 3391 599 3434 a
633 3372 903 3435 domino
933 3373 1203 3454 quidem
1234 3372 1387 3435 furti
1419 3372 1684 3435 actione
1714 3369 1990 3445 liberari,
2017 3369 2431 3452 suppositum
2461 3378 2687 3432 autem
2719 3388 2862 3431 esse

562 3476 640 3552 ei,
683 3476 795 3556 qui
841 3496 961 3557 pro
1009 3497 1077 3539 re
1122 3477 1247 3539 sibi
1294 3476 1718 3540 commodata
1756 3474 2024 3538 domino
2064 3470 2424 3559 satisfecit),
2457 3493 2607 3537 cum
2655 3471 2863 3535 mani-

560 3578 988 3643 festissimum
1030 3590 1149 3659 est,
1180 3582 1383 3644 etiam
1426 3582 1478 3644 si
1522 3581 1607 3643 ab
1653 3580 1838 3643 initio
1868 3579 2176 3642 dominus
2212 3579 2542 3642 actionem
2581 3577 2864 3640 instituit

562 3683 965 3747 commodati
1000 3685 1265 3766 ignarus
1310 3705 1447 3747 rem
1490 3704 1634 3747 esse
1673 3683 2074 3765 subreptam,
2108 3690 2340 3764 postea
2379 3690 2604 3745 autem
2645 3679 2772 3744 hoc
2803 3680 2862 3743 ei

570 3938 647 3993 16.
703 3939 826 3993 The
854 3940 1037 3993 words
1065 3939 1217 3992 idem
1245 3948 1330 3992 est
1356 3947 1411 3991 et
1438 3937 1484 3991 si
1512 3978 1525 3991 .
1554 3978 1569 3991 .
1596 3978 1609 3991 .
1639 3936 1952 3991 sarcinator
1971 3937 2304 4007 apparently
2324 3936 2470 3991 refer
2493 3946 2552 3990 to
2579 3936 2866 4005 solvency,

564 4033 661 4076 not
690 4022 1019 4091 insolvency
1040 4041 1055 4087 3
1092 4038 1187 4075 see
1213 4021 1311 4076 the
1336 4021 1449 4075 end
1474 4021 1540 4073 os
1559 4019 1587 4089 ξ
1625 4021 1702 4075 16.
1762 4022 1816 4076 A
1843 4022 1994 4075 mala
2019 4021 2130 4075 fide
2155 4037 2450 4090 possessor
2473 4020 2590 4074 had
2615 4035 2690 4073 no
2715 4018 2868 4073 actio

562 4105 710 4173 furti,
736 4106 953 4176 though
992 4106 1089 4160 the
1114 4116 1379 4175 property
1404 4122 1521 4159 was
1550 4115 1609 4159 at
1645 4104 1732 4159 his
1757 4103 1890 4173 risk‚
1921 4104 2054 4174 Dig.
2079 4118 2168 4171 47.
2188 4119 2238 4157 2.
2267 4118 2346 4170 14.
2365 4119 2418 4170 4.
2480 4104 2606 4159 The
2632 4102 2868 4157 interest

564 4190 628 4243 of
658 4190 755 4245 the
780 4190 933 4243 bona
958 4188 1069 4243 fide
1096 4204 1407 4258 possessor,
1435 4188 1493 4242 in
1516 4188 1698 4243 virtue
1723 4188 1789 4241 of
1817 4186 2002 4241 which
2028 4189 2100 4242 he
2125 4186 2293 4241 could
2319 4203 2437 4254 sue,
2461 4204 2578 4240 was
2602 4186 2692 4239 his
2716 4185 2870 4255 right

566 4283 627 4328 to
652 4274 749 4328 the
774 4272 935 4328 fruits
975 4273 1089 4327 and
1115 4274 1211 4327 the
1238 4272 1609 4342 interruption
1636 4273 1703 4326 of
1725 4271 2014 4341 usucapio,
2041 4281 2139 4325 not
2165 4270 2254 4325 his
2280 4269 2516 4338 liability
2541 4280 2602 4324 to
2627 4270 2724 4324 the
2749 4270 2868 4324 real

564 4357 845 4427 dominus,
866 4356 1047 4411 which
1074 4358 1315 4411 accrued
1340 4358 1473 4425 only
1491 4357 1636 4411 after
1659 4357 1753 4411 the
1781 4356 1945 4411 latter
1968 4355 2084 4409 had
2103 4354 2300 4425 joined
2327 4353 2478 4409 issue
2503 4352 2636 4408 with
2661 4352 2780 4407 him
2807 4352 2868 4407 in

565 4456 637 4495 an
666 4440 852 4496 action
879 4450 938 4495 to
962 4440 1233 4495 establish
1261 4440 1349 4495 his
1375 4440 1710 4510 ownership,
1741 4440 1870 4509 Dig.
1904 4452 1948 4508 5.
1975 4452 2026 4507 3.
2052 4450 2138 4509 25.
2165 4451 2214 4505 7.

639 4522 666 4595 ξ
696 4529 782 4580 16.
822 4526 946 4579 The
984 4526 1115 4595 only
1145 4524 1340 4595 jurists
1366 4526 1491 4580 who
1528 4534 1589 4579 to
1627 4541 1728 4578 our
1763 4523 2096 4591 knowledge
2135 4521 2430 4578 discussed
2459 4520 2574 4577 this
2605 4518 2866 4591 question
