3230 5116
615 391 660 437 η
667 376 749 459 58
1024 379 1731 436 JNSTJTUTJONUM
1766 378 2005 435 LIBRI
2042 379 2517 450 QUATTUOR.
2706 382 2834 450 [ub.
2858 387 2923 436 ιι.

621 551 798 613 natis
842 550 1070 633 aequis
1105 557 1202 614 'ex
1245 548 1548 632 partibus
1578 569 1693 612 eos
1722 547 2001 612 heredes
2031 565 2193 614 esse.
2255 549 2554 631 partibus
2582 557 2807 613 autem
2852 548 2922 612 in

621 639 1040 718 quorundam
1072 637 1366 720 personis
1410 635 1756 717 expressiS,
1790 637 1845 698 si
1891 637 2038 718 quis
2082 636 2251 700 alius
2295 637 2437 700 sine
2480 645 2669 719 parte
2712 639 2924 702 norni-

623 749 820 804 natus
872 743 1012 820 erit,
1060 740 1115 804 si
1169 741 1441 823 quidem
1489 738 1713 820 aliqua
1772 759 1925 822 pars
1983 739 2115 803 assi
2176 741 2407 816 deerit,
2464 763 2553 805 ex
2602 761 2681 805 ea
2732 751 2921 824 parte

615 843 810 908 heres
841 843 954 908 fit:
1003 853 1070 908 et
1099 845 1154 907 si
1186 844 1404 927 plures
1434 844 1576 907 sine
1609 851 1800 925 parte
1830 843 2055 926 scripti
2100 852 2277 918 sunt,
2307 864 2537 908 omnes
2574 845 2643 908 in
2686 847 2919 910 eadem

619 959 811 1032 parte
857 959 1263 1013 concurrent.
1323 950 1377 1012 si
1421 968 1578 1012 vero
1624 956 1815 1012 totus.
1851 968 1926 1011 as
1969 948 2339 1031 completus
2386 951 2489 1026 sit,
2541 950 2608 1013 in
2662 960 2919 1032 partem

617 1053 967 1117 dimidiam
997 1062 1271 1118 vocatur
1311 1061 1381 1117 et
1421 1052 1530 1116 ille
1573 1051 1681 1115 vel
1726 1051 1819 1116 illi
1862 1072 2097 1116 omnes
2138 1053 2203 1114 in
2244 1051 2521 1116 alteram
2552 1053 2921 1117 dimidiam.

619 1177 742 1220 nec
801 1157 1093 1235 interest,
1154 1158 1404 1240 primus
1457 1176 1543 1220 an
1605 1157 1863 1220 medius
1921 1176 2007 1219 an
2078 1156 2471 1220 novissimus
2530 1157 2671 1220 sine
2732 1169 2920 1239 parte

561 1263 595 1316 7
619 1261 900 1342 scriptus
923 1260 1047 1325 sit:
1095 1280 1179 1325 ea
1205 1262 1382 1325 enim
1413 1280 1566 1342 pars
1589 1260 1751 1323 data
1774 1259 2177 1344 intellegitur
2205 1281 2374 1343 quae
2406 1269 2617 1324 vacat.
2674 1259 2920 1324 Videa—

617 1384 784 1442 mus,
813 1365 869 1428 si
899 1384 1052 1447 pars
1080 1365 1303 1447 aliqua
1330 1375 1522 1430 vacet
1553 1384 1674 1428 nec
1705 1375 1930 1429 tamen
1962 1365 2312 1449 quisquam
2342 1366 2483 1429 sine
2512 1375 2700 1448 parte
2728 1365 2918 1429 heres

615 1467 960 1532 institutus
1003 1469 1107 1547 sit,
1138 1469 1295 1552 quid
1329 1469 1484 1532 iuris
1515 1469 1648 1534 sit?
1700 1468 1905 1532 veluti
1944 1469 1999 1532 si
2040 1478 2175 1533 tres
2216 1491 2305 1532 ex
2336 1471 2587 1551 quartis
2616 1469 2917 1552 partibus

615 1571 894 1637 heredes
916 1574 1142 1657 scripti
1165 1583 1339 1638 sunt.
1393 1583 1460 1637 et
1489 1582 1753 1637 constat
1774 1583 2125 1638 vacantem
2144 1584 2401 1658 partem
2420 1573 2695 1656 singulis
2716 1576 2917 1639 tacite

616 1695 740 1758 pro
799 1676 1195 1742 hereditaria
1247 1688 1437 1761 parte
1495 1679 1811 1743 accedere
1858 1688 1927 1743 et
1980 1679 2251 1761 perinde
2302 1679 2546 1758 haberi,
2598 1699 2675 1743 ac
2724 1679 2779 1742 si
2828 1700 2917 1743 ex

609 1782 829 1846 tertiis
860 1783 1156 1864 partibus
1189 1782 1467 1847 heredes
1498 1783 1722 1865 scripti
1768 1792 2025 1846 essent:
2073 1793 2141 1846 et
2171 1803 2260 1846 ex
2290 1783 2549 1847 diverso
2579 1784 2633 1846 si
2664 1782 2816 1866 plus
2847 1783 2915 1846 in

615 1887 1028 1967 portionibus
1073 1889 1176 1964 sit,
1223 1888 1425 1955 tacite
1473 1887 1750 1970 singulis
1799 1888 2189 1962 decrescere,
2236 1896 2329 1968 ut,
2376 1888 2428 1951 si
2474 1888 2657 1952 verbi
2700 1889 2915 1970 gratia

612 1999 934 2071 quattuor
977 2013 1066 2055 ex
1110 1993 1319 2055 tertiis
1362 1992 1664 2075 partibus
1708 1991 1985 2055 heredes
2029 1993 2254 2075 scripti
2301 1992 2449 2070 sint,
2480 1992 2752 2075 perinde
2794 1992 2915 2055 ha-

611 2094 911 2175 beantur,
955 2116 1035 2160 ac
1079 2098 1134 2160 si
1185 2096 1639 2179 unusquisque
1684 2117 1771 2159 ex
1817 2105 2053 2178 quarta
2100 2108 2291 2180 parte
2338 2098 2619 2180 scriptus
2666 2095 2912 2161 suisset.

554 2204 588 2257 8
616 2196 709 2260 Et
751 2200 806 2262 si
850 2199 1072 2282 plures
1117 2201 1348 2264 unciae
1392 2220 1594 2282 quam
1642 2199 1995 2278 duodecim
2041 2201 2433 2270 distributae
2476 2210 2647 2279 sunt,
2686 2201 2757 2279 is,
2799 2201 2911 2283 qui

607 2302 755 2378 sine
784 2313 972 2383 parte
993 2305 1330 2368 institutus
1354 2314 1473 2382 est,
1496 2304 1675 2385 quod
1702 2304 2019 2388 dipondio
2044 2306 2231 2369 deest
2254 2305 2527 2370 habebit
2548 2329 2562 2367 z
2601 2305 2911 2386 idemque

614 2405 758 2481 erit,
803 2407 858 2470 si
902 2406 1258 2490 dipondius
1294 2408 1603 2491 expletus
1634 2408 1739 2484 sit.
1801 2429 1973 2491 quae
2014 2430 2247 2475 omnes
2290 2419 2514 2493 partes
2558 2411 2644 2474 ad
2692 2429 2907 2473 assem

611 2517 847 2590 postea
879 2520 1285 2590 revocantur,
1316 2513 1619 2595 quamvis
1649 2512 1782 2576 sint
1812 2512 2099 2596 plurium
2131 2515 2490 2579 unciarum.

549 2628 586 2683 9
702 2612 920 2678 Heres
965 2624 1032 2680 et
1076 2637 1239 2699 pure
1285 2629 1352 2682 et
1397 2617 1522 2680 sub
1568 2617 1956 2682 condicione
1993 2619 2247 2682 institui
2293 2628 2534 2702 potest.
2596 2638 2685 2681 ex
2730 2626 2909 2682 certo

613 2727 915 2803 tempore
946 2731 1064 2785 aut
1107 2722 1191 2785 ad
1239 2730 1491 2786 certum
1523 2731 1793 2805 tempus
1823 2744 1955 2786 non
1990 2732 2232 2806 potest,
2261 2723 2467 2787 veluti
2501 2729 2515 2757 ‘
2536 2732 2690 2805 post
2721 2724 2910 2804 quin-

609 2826 973 2903 quennium
1020 2846 1221 2909 quam
1268 2823 1544 2891 moriar'
1572 2826 1681 2890 vel
1711 2831 1726 2858 ‘
1747 2848 1834 2890 ex
1864 2826 2166 2891 kalendis
2195 2823 2361 2891 illis'
2392 2835 2508 2890 aut
2544 2829 2559 2858 ‘
2583 2845 2793 2907 usque
2823 2825 2909 2889 ad

608 2927 932 2995 kalendas
965 2930 1111 2996 illas
1139 2930 1329 2995 heres
1357 2927 1568 2996 esto’:
1614 2930 1929 3012 diemque
1967 2931 2303 2995 adiectum
2341 2950 2461 3013 pro
2504 2948 2909 3010 supervacuo

605 3032 835 3098 haberi
881 3036 1098 3119 placet
1129 3046 1196 3101 et
1225 3037 1501 3121 perinde
1529 3057 1692 3111 esse,
1726 3056 1804 3100 ac
1834 3036 1889 3099 si
1919 3056 2086 3120 pure
2118 3035 2310 3100 heres
2341 3035 2684 3100 institutus
2716 3042 2908 3099 esset.

677 3266 706 3331 ς
735 3268 794 3319 9.
832 3266 948 3319 For
970 3265 1231 3321 condicio
1256 3267 1372 3321 and
1398 3265 1520 3321 dies
1547 3264 1606 3319 in
1631 3265 1863 3335 general
1890 3281 1987 3320 see
2011 3282 2104 3336 pp.
2140 3276 2381 3334 152-154
2408 3280 2556 3334 supr.
2621 3265 2717 3317 An
2740 3256 2905 3318 exhe-

603 3350 864 3404 redation
889 3352 1059 3406 could
1081 3360 1182 3407 not
1206 3350 1279 3404 be
1304 3348 1472 3405 made
1511 3348 1731 3417 subject
1769 3358 1829 3403 to
1859 3364 1896 3402 a
1929 3348 2219 3404 condition
2244 3348 2437 3403 unless
2461 3348 2560 3403 the
2584 3346 2737 3401 child
2763 3362 2907 3403 were

606 3432 901 3488 instituted
927 3433 983 3488 in
1010 3435 1108 3489 the
1133 3443 1396 3501 contrary
1419 3441 1604 3500 event,
1636 3430 1768 3501 Dig.
1797 3432 1882 3487 28.
1913 3444 1957 3502 5.
1985 3446 2037 3500 4,
2062 3431 2138 3488 ib.
2163 3433 2217 3488 6.
2248 3448 2293 3488 1.

678 3515 804 3570 The
837 3515 1152 3572 institution
1182 3515 1248 3570 of
1271 3531 1345 3569 an
1379 3515 1503 3569 heir
1537 3532 1608 3568 ex
1644 3525 1900 3584 tempore
1940 3532 2006 3569 or
2034 3515 2108 3570 ad
2142 3526 2365 3586 tempus
2396 3515 2451 3585 (i.
2469 3533 2519 3571 e.
2546 3532 2616 3570 ex
2640 3514 2735 3571 die
2758 3531 2824 3569 or
2845 3512 2904 3569 in

604 3596 801 3669 diem),
817 3615 884 3652 or
900 3599 1118 3669 subject
1143 3607 1202 3654 to
1225 3615 1264 3653 a
1285 3596 1588 3653 resolutive
1615 3598 1924 3666 condition,
1942 3599 2127 3654 would
2146 3599 2352 3654 violate
2372 3600 2468 3655 the
2494 3598 2703 3653 maxim
2729 3598 2905 3653 semel

601 3682 785 3751 heres,
813 3699 1039 3752 semper
1060 3683 1244 3751 heres,
1263 3681 1379 3736 and
1415 3682 1556 3736 such
1594 3681 2011 3753 qualifications
2037 3699 2182 3737 were
2214 3681 2577 3752 accordingly
2602 3681 2775 3736 taken
2801 3697 2903 3751 pro

602 3782 718 3821 non
756 3765 981 3835 scriptis
1027 3765 1160 3835 Dig.
1186 3766 1272 3820 28.
1302 3777 1348 3834 5.
1375 3779 1460 3835 34,
1487 3764 1562 3820 ib.
1598 3766 1689 3835 88,
1726 3776 1928 3837 except
1968 3764 2027 3819 in
2062 3765 2319 3821 soldiers'
2358 3766 2514 3835 wills,
2555 3764 2689 3834 Dig.
2727 3779 2815 3834 29.
2858 3779 2903 3821 1.

601 3862 688 3917 17.
714 3866 821 3919 pr.,
847 3849 905 3904 in
931 3848 1115 3904 which
1140 3849 1237 3904 the
1263 3848 1428 3903 effect
1454 3849 1520 3902 of
1536 3865 1571 3903 a
1595 3848 1720 3904 dies
1744 3866 1814 3903 ex
1839 3866 1952 3920 quo
1978 3866 2093 3904 was
2120 3849 2387 3918 delation‚
2408 3847 2548 3903 until
2574 3850 2670 3903 the
2700 3847 2903 3904 arrival

601 3932 669 3986 of
701 3933 800 3987 the
840 3932 980 4003 dies,
1014 3942 1072 3987 to
1111 3934 1209 3988 the
1247 3931 1514 3987 intestate
1557 3932 1727 4002 heirS,
1764 3932 1897 4001 Dig.
1923 3947 2009 4002 29.
2044 3948 2084 3988 1.
2112 3946 2200 3999 41.
2228 3948 2329 4002 pr„
2356 3933 2482 3988 that
2516 3932 2584 3985 of
2611 3948 2648 3986 a
2684 3930 2807 3987 dies
2844 3930 2902 3985 in

601 4032 790 4086 quem,
805 4017 991 4071 or-the
1010 4016 1306 4071 fulfilment
1331 4015 1398 4070 of
1413 4032 1448 4071 a
1468 4016 1771 4071 resolutive
1796 4016 2087 4072 condition
2114 4034 2229 4071 was
2254 4026 2314 4072 to
2340 4015 2477 4071 shift
2499 4016 2596 4071 the
2614 4014 2901 4070 hereditas

600 4112 675 4151 on
701 4105 762 4152 to
786 4098 883 4153 the
908 4098 1260 4167 substitutus,
1286 4116 1365 4169 or,
1393 4099 1442 4154 if
1457 4100 1615 4155 there
1642 4117 1787 4155 were
1811 4116 1978 4169 none,
2005 4110 2065 4155 to
2090 4100 2187 4155 the
2213 4099 2455 4155 heredes
2481 4098 2557 4153 ab
2580 4097 2871 4155 intestato.

603 4206 608 4211 ·
670 4181 830 4235 Thus
866 4182 962 4237 the
1000 4182 1134 4252 only
1169 4182 1460 4239 condition
1495 4200 1650 4253 upon
1688 4183 1870 4239 which
1912 4201 1985 4239 an
2026 4183 2293 4253 ordinary
2326 4182 2645 4237 institution
2683 4198 2790 4237 can
2826 4182 2902 4238 be

599 4264 769 4320 made
793 4275 853 4321 to
879 4265 1105 4336 depend
1142 4265 1190 4321 is
1225 4283 1262 4321 a
1297 4266 1631 4338 suspensive
1656 4284 1782 4323 one.
1856 4268 1981 4323 The
2006 4267 2171 4323 effect
2197 4268 2262 4321 of
2280 4265 2393 4322 this
2420 4283 2553 4337 was,
2579 4265 2812 4335 strictly,
2838 4274 2899 4321 to

597 4358 877 4419 postpone
902 4347 1112 4404 delatio
1138 4360 1197 4405 to
1221 4351 1317 4406 the
1344 4350 1633 4407 institutus
1658 4351 1741 4407 till
1766 4351 1863 4407 the
1902 4350 2196 4406 condition
2219 4367 2335 4405 was
2372 4349 2623 4419 fulfilled,
2652 4348 2784 4418 Dig.
2812 4363 2897 4419 29.

601 4446 644 4489 2.
677 4446 724 4500 3.
750 4433 858 4503 69:
895 4433 996 4489 but
1025 4434 1122 4489 the
1156 4433 1386 4504 opinion
1421 4435 1489 4490 of
1519 4435 1746 4491 Mucius
1782 4436 2060 4491 Scaevola
2090 4451 2206 4489 was
2244 4434 2539 4504 gradually
2563 4431 2901 4502 recognised

591 4530 662 4573 as
687 4518 810 4593 law,
835 4517 1020 4603 thara
1043 4533 1250 4589 person
1275 4516 1570 4576 instituted
1595 4519 1777 4575 under
1802 4535 1839 4575 a
1862 4517 2127 4575 condicio
2148 4534 2263 4573 non
2296 4514 2541 4574 faciendi
2566 4514 2899 4590 practically
