3230 5116
575 390 618 453 4
622 389 707 455 30
982 374 1682 433 JNSTJTUTJONUM
1716 374 1954 432 LIBRI
1991 374 2462 448 QUATTUOR.
2635 378 2765 447 [ub.
2785 378 2884 437 nr.

524 550 844 626 lumque‚
903 551 1022 608 aut
1084 540 1214 607 olei
1272 539 1407 606 vini
1466 539 1774 603 frumenti
1832 540 2096 605 emendi
2155 542 2641 627 vendendique.
2780 546 2878 609 Et

578 647 849 729 quidem
896 648 950 710 si
1000 646 1161 709 nihil
1208 645 1295 709 de
1340 644 1637 727 partibus
1680 642 1842 708 lucri
1888 653 1957 708 et
2004 645 2230 709 damni
2283 648 2674 714 nominatim
2719 670 2878 715 con-

577 752 845 828 venerit,
907 749 1215 833 aequales
1280 749 1530 814 scilicet
1590 758 1812 829 partes
1872 758 1940 812 et
2001 748 2069 811 in
2129 748 2312 813 lucro
2371 761 2440 815 et
2499 752 2566 815 in
2625 753 2874 817 damno

578 864 977 935 spectantur.
1086 851 1264 936 quod
1327 852 1381 915 si
1442 872 1801 933 expressae
1851 850 2091 917 suerint
2155 862 2394 940 parteS,
2449 853 2578 919 hae
2630 857 2875 941 servari

577 956 864 1021 debent:
912 977 1030 1020 nec
1062 956 1237 1019 enim
1267 975 1585 1038 umquam
1610 955 1886 1019 dubium
1915 954 2052 1035 suit,
2075 956 2234 1038 quin
2262 955 2486 1022 valeat
2508 962 2876 1039 conventio,

577 1060 629 1123 si
663 1060 796 1123 duo
826 1060 997 1123 inter
1031 1080 1103 1123 se
1132 1060 1309 1144 pacti
1346 1069 1517 1134 sunt,
1550 1068 1625 1122 ut
1667 1058 1753 1122 ad
1797 1078 2002 1122 unum
2035 1059 2304 1141 quidem
2340 1061 2512 1125 duae
2541 1073 2763 1146 partes
2803 1076 2878 1129 et

518 1170 551 1225 2
580 1166 805 1229 damni
846 1176 913 1231 et
954 1164 1115 1229 lucri
1156 1164 1543 1247 pertineant,
1574 1163 1660 1226 ad
1703 1162 1905 1227 alium
1949 1164 2164 1229 tertia.
2255 1164 2362 1229 De
2393 1165 2504 1229 illa
2534 1188 2694 1231 sane
2723 1188 2877 1232 con-

576 1270 885 1333 ventione
920 1269 1292 1352 quaesitum
1326 1277 1447 1344 est,
1480 1268 1535 1332 si
1577 1266 1794 1332 Titius
1833 1276 1901 1331 et
1943 1267 2137 1332 Seius
2177 1268 2350 1333 inter
2377 1290 2450 1333 se
2491 1272 2666 1354 pacti
2699 1282 2876 1345 sunt,

578 1381 654 1437 ut
697 1373 783 1436 ad
830 1373 1083 1436 Titium
1132 1370 1290 1436 lucri
1340 1373 1510 1435 duae
1556 1382 1777 1455 partes
1828 1372 2219 1455 pertineant,
2264 1372 2490 1436 damni
2528 1376 2740 1451 tertia,
2787 1376 2876 1440 ad

580 1475 809 1540 Seium
856 1477 1029 1542 duae
1072 1486 1295 1559 partes
1340 1476 1584 1551 damni,
1619 1474 1778 1539 lucri
1825 1477 2038 1551 tertia,
2080 1495 2166 1539 an
2213 1486 2354 1541 rata
2400 1478 2602 1543 debet
2645 1478 2874 1545 haberi

577 1577 972 1643 conventio?
1048 1578 1337 1661 Quintus
1377 1579 1638 1643 Mucius
1680 1588 1910 1644 contra
1951 1588 2255 1643 naturam
2296 1580 2634 1646 societatis
2671 1582 2876 1648 talem

576 1684 951 1766 pactionem
984 1705 1127 1749 esse
1150 1684 1555 1749 existimavit
1580 1694 1648 1749 et
1678 1685 1766 1749 ob
1801 1685 1866 1748 id
1901 1704 2032 1747 non
2057 1704 2201 1748 esse
2231 1694 2442 1749 ratam
2474 1685 2873 1751 habendam.

580 1786 848 1853 Servius
909 1789 1258 1873 SulpiciuS,
1318 1790 1501 1853 cuius
1554 1788 1885 1853 sententia
1941 1788 2328 1872 praevaluit,
2378 1800 2608 1856 contra
2653 1794 2873 1868 sentit,

577 1894 731 1975 quia
774 1914 973 1976 saepe
1018 1893 1431 1977 quorundam
1474 1893 1568 1958 ita
1607 1894 1895 1976 pretiosa
1935 1902 2040 1957 est
2083 1912 2288 1975 opera
2326 1893 2393 1957 in
2431 1895 2766 1971 societate,
2802 1906 2876 1961 ut

577 2017 693 2062 eos
724 1998 967 2061 iustum
999 1998 1084 2061 sit
1118 1996 1387 2061 meliore
1418 1997 1807 2062 condicione
1848 1996 1914 2059 in
1955 1996 2341 2061 societatem
2373 1998 2672 2063 admitti:
2720 2019 2876 2063 nam

577 2107 646 2164 et
678 2100 771 2165 ita
803 2101 957 2165 coiri
988 2121 1184 2184 posse
1212 2100 1597 2166 societatem
1631 2120 1763 2164 non
1805 2100 2163 2176 dubitatur,
2198 2108 2272 2165 ut
2313 2101 2485 2166 alter
2523 2102 2876 2184 pecuniam

577 2205 887 2284 conferat,
918 2204 1088 2268 alter
1124 2225 1253 2267 non
1300 2205 1592 2269 conferat
1640 2213 1708 2268 et
1753 2214 1979 2268 tamen
2025 2202 2278 2267 lucrum
2324 2203 2495 2270 inter
2537 2226 2651 2270 eos
2697 2225 2876 2270 com-

577 2330 776 2373 mune
806 2310 907 2388 sit,
937 2309 1091 2390 quia
1127 2328 1325 2391 saepe
1355 2330 1557 2392 opera
1586 2309 1858 2373 alicuius
1887 2329 2007 2391 pro
2037 2307 2317 2391 pecunia
2345 2309 2542 2375 valet.
2608 2319 2676 2374 et
2706 2311 2876 2374 adeo

576 2423 807 2477 contra
867 2411 1100 2494 Quinti
1162 2412 1367 2478 Mucii
1427 2415 1826 2478 sententiam
1887 2413 2192 2495 optinuit,
2255 2423 2330 2478 ut
2389 2413 2551 2478 illud
2604 2435 2872 2497 quoque

576 2516 944 2582 constiterit
978 2537 1174 2600 posse
1212 2518 1576 2598 convenire,
1608 2528 1682 2584 ut
1725 2518 1873 2602 quis
1912 2516 2068 2582 lucri
2107 2527 2362 2601 partem
2405 2518 2590 2598 ferat,
2621 2520 2870 2585 damno

576 2640 708 2685 non
738 2630 1053 2699 teneatur,
1086 2623 1265 2705 quod
1307 2633 1373 2688 et
1414 2623 1632 2706 ipsum
1667 2622 1934 2688 Servius
1975 2623 2442 2688 convenienter
2475 2623 2599 2686 sibi
2637 2625 2868 2688 existi-

574 2727 818 2791 mavit:
862 2727 1043 2809 quod
1089 2737 1317 2791 tamen
1363 2729 1455 2792 ita
1500 2727 1795 2811 intellegi
1842 2735 2124 2810 oportet,
2172 2737 2264 2806 ut,
2309 2728 2365 2790 si
2403 2729 2485 2817 ‚in
2531 2728 2752 2812 aliqua
2797 2748 2868 2792 re

570 2831 847 2911 lucrum,
892 2831 957 2894 in
997 2831 1220 2915 aliqua
1264 2834 1583 2897 damnum
1630 2832 1906 2897 allatum
1961 2832 2066 2906 sit,
2114 2831 2654 2914 compensatione
2695 2831 2872 2898 facta

571 3040 731 3079 some
766 3019 975 3092 special
1000 3021 1279 3089 business,
1304 3038 1354 3076 e.
1370 3038 1421 3090 g.
1450 3037 1515 3075 as
1540 3037 1676 3075 corn
1703 3036 1766 3073 or
1789 3016 1934 3073 wine
1958 3018 2300 3088 merchants,
2329 3019 2462 3088 Dig.
2487 3019 2561 3074 ib.
2594 3032 2642 3090 5.
2666 3037 2767 3090 pr.,
2793 3018 2870 3073 ib.

576 3121 656 3178 52.
684 3123 719 3176 4
743 3108 857 3162 and
888 3119 932 3176 5.
1006 3107 1061 3161 A
1085 3105 1388 3177 particular
1412 3104 1557 3159 form
1582 3103 1650 3157 os
1665 3101 1777 3159 this
1803 3119 1918 3156 was
1944 3103 2186 3156 societas
2211 3101 2518 3173 vectigalis,
2544 3101 2764 3157 formed
2787 3101 2873 3156 for

569 3192 667 3247 the
693 3190 936 3260 fax-ming
953 3189 1019 3244 of
1035 3191 1133 3245 the
1158 3187 1347 3260 public
1372 3203 1632 3254 revenue‚
1652 3203 1686 3240 a
1711 3184 2042 3257 peculiarity
2060 3185 2126 3240 of
2141 3185 2324 3240 which
2345 3202 2460 3240 was
2483 3186 2608 3242 that
2633 3186 2729 3241 the
2752 3185 2872 3240 rule

570 3275 761 3331 stated
785 3274 841 3328 in
869 3274 897 3341 ᾗ
933 3286 959 3343 5
986 3271 1084 3327 inf.
1108 3271 1209 3327 did
1233 3280 1332 3326 not
1358 3269 1510 3338 hold,
1539 3269 1672 3338 Dig.
1705 3281 1781 3336 17.
1813 3283 1862 3323 2.
1892 3281 1974 3338 59.

646 3358 725 3428 (3)
766 3357 1021 3413 Societas
1046 3355 1128 3410 rei
1154 3355 1335 3424 unius,
1354 3355 1452 3410 the
1477 3353 1666 3424 object
1691 3353 1756 3407 of
1773 3352 1956 3407 which
1991 3351 2040 3408 is
2077 3371 2112 3409 a
2149 3353 2330 3424 single
2363 3352 2730 3423 transaction,
2755 3369 2868 3423 e.g.

569 3442 667 3497 the
687 3440 833 3511 joint
857 3441 1135 3510 purchase
1160 3439 1225 3493 of
1240 3438 1471 3510 specific
1495 3447 1778 3508 property,
1807 3436 1939 3506 Dig.
1967 3437 2042 3492 ib.
2072 3449 2119 3508 5.
2144 3453 2247 3508 pr.,
2274 3438 2347 3493 ib.
2378 3439 2461 3507 58.
2486 3452 2570 3506 pr.

643 3523 672 3594 ξ
700 3528 749 3577 1.
786 3525 870 3579 As
896 3539 1137 3594 appears
1162 3521 1306 3577 from
1335 3536 1366 3575 2
1392 3521 1487 3576 inf.
1508 3521 1584 3576 ad
1610 3521 1722 3590 fin.,
1748 3522 1825 3590 by
1850 3521 2066 3576 lucrum
2099 3520 2215 3576 and
2248 3521 2520 3576 damnum
2545 3519 2594 3574 is
2619 3529 2810 3576 meant
2834 3535 2870 3575 a

568 3607 897 3663 favourable
932 3605 1049 3660 and
1084 3621 1157 3660 an
1195 3605 1434 3660 adverse
1471 3605 1710 3660 balance
1747 3613 1806 3658 at
1844 3604 1942 3658 the
1979 3602 2116 3659 time
2153 3604 2314 3659 when
2349 3604 2448 3658 the
2477 3612 2748 3658 accounts
2773 3619 2868 3657 are

569 3691 759 3761 taken,
786 3707 897 3759 e.g.
936 3698 994 3744 at
1033 3689 1129 3743 the
1154 3688 1268 3742 end
1302 3687 1367 3742 of
1394 3688 1491 3742 the
1529 3704 1683 3756 year,
1709 3704 1774 3741 or
1798 3688 1960 3742 when
1986 3688 2084 3742 the
2109 3687 2466 3758 partnership
2493 3685 2542 3741 is
2566 3684 2870 3742 dissolved.

574 3774 634 3829 If
662 3772 703 3828 it
742 3789 887 3828 were
923 3773 1147 3842 agreed,
1175 3771 1233 3826 in
1270 3789 1307 3826 a
1342 3769 1702 3841 partnership
1739 3770 1995 3826 between
2031 3772 2086 3826 A
2123 3770 2237 3826 and
2276 3771 2342 3840 B,
2367 3771 2490 3825 that
2528 3769 2692 3826 while
2729 3770 2869 3824 each

568 3856 774 3911 should
799 3856 964 3910 share
989 3857 1169 3910 losses
1196 3855 1434 3925 equally,
1460 3856 1513 3908 A
1538 3854 1743 3908 should
1766 3855 1913 3909 have
1937 3871 1974 3909 a
1999 3855 2182 3924 larger
2211 3852 2539 3925 proportion
2565 3853 2632 3908 of
2657 3853 2871 3923 profitS,

569 3939 611 3995 it
637 3957 752 3994 was
779 3957 815 3994 a
838 3938 1126 3994 condition
1154 3938 1277 3993 that
1301 3939 1354 3991 A
1378 3937 1585 3992 should
1619 3937 1766 3992 have
1805 3937 2162 3993 contributed
2187 3954 2345 3992 more
2369 3938 2508 3993 than
2535 3937 2582 3990 B
2609 3935 2790 3992 either
2813 3935 2880 3990 of

568 4022 795 4093 capital,
838 4021 1034 4090 credit,
1074 4039 1137 4076 or
1177 4029 1594 4090 management,
1640 4029 1779 4075 etc.:
1807 4021 1847 4062 -‘
1867 4020 1914 4075 si
1964 4038 2098 4076 vero
2146 4019 2420 4092 placuerit
2459 4029 2520 4074 ut
2561 4019 2687 4091 quis
2727 4019 2870 4074 duas

566 4115 760 4177 partes
800 4105 889 4161 vel
926 4115 1041 4161 tres
1078 4105 1303 4173 habeat,
1341 4103 1484 4159 alius
1521 4120 1712 4173 unam,
1751 4121 1826 4158 an
1862 4105 2093 4160 valeat?
2135 4105 2322 4174 placet
2366 4103 2572 4171 valere,
2611 4101 2658 4157 si
2697 4101 2870 4156 modo

567 4188 781 4260 aliquid
817 4189 943 4260 plus
981 4188 1216 4244 contulit
1252 4187 1509 4243 societati
1547 4188 1638 4243 vel
1674 4187 1950 4258 pecuniae
1991 4189 2081 4242 vel
2118 4204 2326 4258 operae
2361 4187 2452 4242 vel
2488 4184 2872 4258 cuiuscunque

567 4271 797 4328 alterius
833 4271 913 4326 rei
951 4273 1154 4327 causa’
1192 4269 1325 4341 Dig.
1357 4283 1435 4338 17.
1462 4286 1510 4326 2.
1553 4286 1636 4342 ²9·
1663 4288 1748 4342 pr.
1824 4273 1893 4325 In
1929 4271 2027 4326 the
2063 4280 2181 4327 text
2217 4271 2410 4326 before
2445 4287 2514 4325 us
2552 4269 2682 4339 (nec
2718 4269 2870 4324 enim

567 4371 818 4427 unquam
843 4395 859 4410 .
890 4395 904 4411 .
927 4393 942 4410 .
968 4395 983 4412 .
1010 4353 1087 4409 ad
1109 4353 1282 4410 alium
1307 4352 1495 4424 tertia)
1524 4355 1621 4410 the
1653 4370 1851 4409 excess
1877 4353 2236 4410 contributed
2258 4353 2335 4424 by
2359 4354 2414 4408 A
2438 4352 2487 4409 is
2512 4363 2571 4409 to
2595 4353 2670 4408 be
2695 4351 2872 4408 found

564 4439 645 4509 by
668 4438 860 4509 laying
882 4447 1055 4494 stress
1080 4454 1233 4508 upon
1256 4438 1354 4493 the
1380 4437 1563 4492 words
1589 4436 1605 4466 ‘
1619 4447 1677 4492 et
1702 4436 1930 4492 damni.’

641 4521 671 4592 ᾗ
698 4525 759 4577 2.
797 4523 922 4578 The
945 4521 1146 4582 earlier
1169 4531 1295 4593 part
1320 4522 1386 4577 of
1414 4521 1527 4578 this
1560 4520 1779 4579 section
1813 4537 1998 4578 seems
2029 4529 2089 4578 at
2121 4519 2240 4577 first
2273 4519 2425 4592 sight
2450 4528 2510 4578 to
2534 4519 2609 4578 be
2633 4511 2870 4590 directly
