3230 5116
349 457 453 508 Tit.
479 451 582 519 10.]
642 451 765 507 DE
806 450 1432 524 ADQUJSITJONE
1474 451 1643 507 PER
1685 449 2396 508 ADROGATJONEM.
2528 455 2653 528 371

349 616 407 682 si
459 617 878 683 admittentis
929 638 1078 682 eam
1141 617 1458 683 indicium
1518 617 1691 682 intra
1758 625 2011 682 statuta
2071 628 2294 683 tamen
2354 626 2659 699 tempora

349 721 732 802 ostenderit,
762 722 1034 804 plenum
1065 721 1313 788 habeat
1343 743 1569 787 earum
1601 721 2019 786 beneficium.

1467 959 1553 1024 X.

731 1137 832 1188 DE
875 1136 1419 1202 ADQUISITIONE
1466 1137 1605 1188 PER
1651 1137 2275 1189 ADRoGATmNEM.

443 1287 570 1353 Est
617 1298 685 1353 et
743 1288 1010 1353 alterius
1069 1287 1328 1371 generis
1381 1307 1500 1370 per
1542 1287 2038 1352 universitatem
2092 1287 2435 1366 successi0,
2488 1308 2660 1370 quae

353 1411 569 1475 neque
610 1394 760 1475 lege
806 1393 1154 1457 duodecim
1201 1390 1576 1456 tabularum
1624 1413 1841 1475 neque
1888 1394 2211 1474 praetoris
2260 1393 2495 1469 edict0,
2541 1391 2659 1456 sed

355 1515 436 1560 eo
485 1497 642 1572 iure,
692 1497 869 1579 quod
921 1515 1240 1561 consensu
1292 1504 1633 1577 receptum
1685 1505 1804 1572 est,
1852 1496 2225 1560 introducta
2273 1505 2391 1560 est.
2482 1495 2716 1560 Eccel

355 1599 532 1663 enim
565 1619 716 1663 cum
747 1609 939 1683 pater
967 1599 1251 1663 familias
1291 1619 1436 1662 sese
1482 1600 1548 1663 in
1589 1598 2087 1682 adrogationem
2129 1600 2267 1678 dat,
2297 1619 2528 1663 omnes
2559 1619 2661 1663 res

355 1705 495 1767 eius
526 1704 896 1786 corporales
927 1714 995 1768 et
1036 1703 1478 1787 incorporales
1520 1723 1821 1786 quaeque
1868 1702 1927 1765 ei
1970 1685 2239 1766 debitae
2282 1711 2439 1768 sunt
2468 1704 2662 1766 adro-

354 1809 570 1890 gatori
620 1817 779 1873 ante
837 1807 1105 1890 quidem
1158 1807 1360 1890 pleno
1413 1806 1551 1871 iure
1602 1805 2142 1888 adquirebantur,
2195 1807 2499 1889 exceptis
2559 1805 2662 1870 his

356 1932 528 1993 quae
568 1932 686 1994 per
719 1913 952 1995 capitis
987 1912 1511 1977 deminutionem
1542 1918 1821 1993 pereunt
1862 1908 2091 1992 quales
2130 1919 2283 1973 sunt
2314 1930 2661 1994 operarum

357 2014 796 2099 obligationes
836 2024 906 2080 et
951 2015 1050 2080 ius
1097 2014 1537 2100 adgnationiS.
1628 2034 1785 2078 usus
1815 2013 2062 2077 etenim
2107 2021 2175 2076 et
2212 2034 2365 2076 usus
2394 2013 2662 2090 fructuS,

355 2119 510 2183 licet
540 2119 644 2182 his
683 2128 882 2183 antea
911 2119 1572 2191 connumerabantur,
1605 2126 1904 2181 attamen
1946 2117 2179 2198 capitis
2210 2116 2661 2180 deminutione

355 2222 630 2286 minima
676 2243 790 2287 eos
840 2221 986 2287 tolli
1031 2233 1256 2287 nostra
1303 2221 1641 2306 prohibuit
1696 2220 2099 2285 constitutio.
2190 2219 2386 2284 Nunc
2434 2229 2660 2284 autem
2688 2226 2722 2283 2

353 2439 534 2512 gradu
560 2437 788 2510 reliquis
813 2449 1250 2510 praeponantur.
1311 2436 1371 2493 Si
1393 2448 1583 2494 autem
1609 2436 1835 2508 plurimi
1856 2437 2113 2493 eiusdem
2136 2437 2345 2508 gradus
2372 2435 2663 2492 invenian-

356 2532 462 2592 tur,
489 2522 801 2579 secundum
836 2538 1207 2592 personarum
1241 2539 1535 2577 numerum
1563 2521 1711 2577 inter
1734 2538 1834 2577 eos
1866 2521 2155 2578 hereditas
2180 2520 2483 2591 dividatur,
2508 2519 2662 2592 quod

357 2606 418 2661 in
443 2606 630 2678 capita
652 2616 882 2661 nostrae
907 2608 1060 2677 leges
1087 2607 1406 2677 appellant’
1433 2608 1577 2660 Nov.
1614 2606 1730 2661 118.
1758 2621 1806 2675 3.
1840 2621 1881 2661 1.

429 2690 620 2747 These
643 2691 794 2745 rules
820 2691 966 2746 have
990 2690 1139 2745 been
1164 2688 1539 2745 summarised
1566 2688 1626 2744 in
1651 2690 1748 2744 the
1773 2688 2061 2760 following
2085 2688 2378 2745 memorial
2404 2688 2547 2743 lines
2571 2706 2583 2741 :

713 2799 1088 2855 Descendens
1125 2796 1311 2853 omnis
1348 2798 1601 2854 succedit
1639 2798 1697 2853 in
1736 2797 1935 2854 ordine
1970 2798 2190 2869 primo:

712 2882 1048 2937 Ascendens
1085 2881 1331 2951 propior,
1368 2898 1691 2951 germanuS,
1732 2880 1877 2936 filius
1916 2881 2074 2937 eius:
2151 2938 2159 2945 ,

711 2967 876 3021 Tunc
911 2966 1087 3021 latere
1123 2982 1195 3020 ex
1231 2982 1346 3019 uno
1383 2966 1572 3033 frater,
1610 2982 1836 3035 quoque
1874 2964 2019 3020 filius
2056 2964 2177 3021 eius
2206 2984 2219 3021 ε

713 3048 796 3105 Hi
833 3048 1020 3104 cuncti
1059 3049 1116 3103 in
1153 3048 1358 3119 stirpes
1397 3049 1725 3117 succedunt,
1764 3048 1823 3102 in
1860 3048 2049 3117 capita
2084 3059 2275 3103 autem

717 3132 902 3187 Iuncti
940 3131 1333 3202 ascendenteS‚
1371 3132 1606 3187 fratrum
1644 3133 1830 3201 proles
1868 3148 2093 3202 quoque
2130 3132 2270 3187 sola.

718 3216 984 3288 Denique
1019 3216 1327 3287 proximior
1360 3214 1706 3287 reliquorum
1743 3209 1981 3286 quisque
2018 3223 2321 3285 superstes.

431 3327 462 3395 ὁ
490 3330 573 3383 11.
611 3324 835 3396 Failing
882 3342 1025 3381 even
1076 3335 1364 3396 cognates,
1405 3325 1500 3380 the
1545 3322 1867 3395 praetorian
1905 3324 2024 3377 rule
2062 3323 2128 3377 of
2154 3322 2241 3378 vir
2274 3333 2333 3377 et
2372 3340 2510 3377 uxor
2546 3339 2665 3378 was

359 3410 636 3465 followed.
714 3409 918 3465 Under
955 3408 1170 3464 certain
1218 3408 1661 3464 circumstances
1711 3406 1919 3463 indeed
1955 3424 1992 3463 a
2033 3406 2233 3462 widow
2269 3406 2385 3462 had
2420 3424 2457 3462 a
2491 3407 2663 3461 claim

360 3493 584 3563 against
613 3493 711 3549 the
747 3502 930 3549 estate
966 3493 1031 3547 of
1061 3494 1164 3548 her
1188 3493 1469 3548 deceased
1504 3492 1787 3561 husband,
1812 3508 1956 3547 even
1982 3493 2142 3548 when
2180 3493 2278 3547 the
2312 3492 2478 3547 latter
2501 3490 2599 3545 left
2626 3508 2663 3545 a

361 3577 488 3646 will,
513 3594 577 3632 or
601 3576 735 3632 died
759 3575 1028 3632 intestate
1056 3576 1268 3647 having
1304 3577 1468 3632 other
1501 3592 1825 3631 successors
1849 3594 1862 3631 :
1900 3574 1935 3631 i.
1952 3592 2003 3630 e.
2030 3576 2192 3630 when
2230 3576 2333 3629 she
2358 3591 2475 3629 was
2503 3590 2663 3645 poor,

359 3661 475 3716 and
501 3660 614 3716 had
651 3677 727 3715 no
752 3660 875 3730 dos,
902 3661 1004 3715 she
1029 3676 1144 3714 was
1182 3659 1419 3716 entitled
1442 3670 1502 3715 to
1540 3676 1576 3716 a
1599 3660 1787 3715 fourth
1815 3660 1881 3714 of
1909 3660 2013 3713 her
2035 3657 2343 3714 husband’s
2380 3667 2663 3728 property,

359 3761 441 3814 or,
461 3744 511 3799 is
525 3745 686 3800 there
704 3760 849 3799 were
873 3760 1031 3799 more
1049 3744 1188 3799 than
1215 3744 1374 3799 three
1394 3742 1707 3812 legitimate
1733 3742 1987 3798 children
2007 3743 2151 3798 born
2170 3741 2238 3796 of
2252 3743 2349 3797 the
2367 3740 2665 3810 marriage,

361 3838 422 3885 to
445 3845 482 3882 a
505 3826 679 3883 virilis
705 3826 906 3897 portio,
935 3828 989 3881 N
997 3844 1086 3881 ov.
1117 3839 1233 3893 117.
1265 3838 1308 3895 5.

431 3915 552 3967 ‘Ht-
574 3914 652 3966 X.
696 3912 775 3966 So
813 3920 908 3966 too
947 3910 1004 3964 in
1045 3909 1178 3979 Dig.
1211 3924 1254 3964 1.
1281 3910 1330 3965 6.
1361 3910 1392 3964 8
1437 3908 1624 3979 patria
1660 3919 1915 3981 potestas
1953 3908 2000 3963 is
2044 3907 2170 3964 said
2206 3917 2268 3964 to
2302 3907 2377 3964 be
2414 3905 2667 3961 moribus

359 4004 604 4065 recepta,
631 3994 746 4049 and
772 3993 830 4049 in
865 3992 942 4049 iii.
969 3994 1038 4048 82
1075 3992 1254 4048 Gaius
1291 3992 1542 4047 ascribes
1578 3994 1677 4048 the
1714 3992 1995 4048 universal
2032 3989 2358 4047 succession
2393 3989 2669 4059 resulting

359 4079 505 4134 from
531 4076 834 4133 conventio
859 4075 918 4131 in
943 4093 1177 4131 manum
1202 4085 1262 4130 to
1287 4076 1384 4130 the
1410 4076 1496 4130 ius
1523 4076 1676 4146 quod
1702 4092 1983 4131 consensu
2009 4085 2300 4146 receptum
2325 4083 2430 4128 est.

433 4164 540 4229 §1.
579 4163 694 4216 For
725 4160 823 4216 the
861 4159 1172 4215 extinction
1209 4160 1276 4214 of
1304 4176 1440 4215 usus
1478 4160 1593 4214 and
1618 4161 1969 4214 ususfructus
2008 4159 2083 4227 by
2108 4157 2313 4228 capitis
2350 4154 2669 4212 deminutio

360 4244 599 4300 minima
635 4262 732 4300 see
767 4261 820 4315 p.
849 4258 959 4298 210
981 4260 1128 4314 supr.
1206 4244 1293 4313 By
1329 4259 1627 4312 operarum
1671 4242 2045 4313 obligationes
2088 4258 2185 4296 are
2226 4249 2420 4296 meant
2459 4256 2669 4311 operae

359 4328 544 4385 liberti
582 4328 819 4383 secured
856 4328 932 4397 by
957 4326 1284 4397 stipulation
1323 4343 1388 4381 or
1424 4325 1606 4380 iurata
1644 4324 1961 4395 promissi0,
1989 4324 2168 4379 Gaius
2194 4323 2268 4378 iii.
2299 4324 2366 4391 83
2395 4342 2408 4379 :
2457 4339 2666 4393 operae

357 4428 650 4471 servorum
675 4410 795 4466 sive
819 4410 1152 4466 animalium
1176 4427 1321 4465 were
1358 4420 1458 4465 not
1483 4409 1879 4479 extinguished
1904 4408 1963 4463 in
2001 4407 2114 4464 this
2151 4423 2405 4476 manner,
2430 4415 2565 4461 note
2590 4422 2666 4459 on

360 4494 468 4553 Bk.
495 4494 552 4549 ii.
583 4506 631 4565 5.
661 4506 688 4565 5
717 4511 908 4565 supr.:
946 4494 1013 4549 cf.
1046 4492 1177 4563 Dig.
1204 4508 1256 4560 4.
1286 4505 1335 4563 5.
1368 4508 1469 4561 103
1506 4505 1556 4560 7.
1584 4505 1633 4560 7.
1661 4507 1731 4560 ²3
1769 4506 1819 4560 7.
1847 4493 1897 4547 8.
1932 4506 2012 4546 10.

432 4576 462 4653 5
490 4581 550 4634 2.
588 4579 742 4635 Over
765 4577 1078 4636 castrensia
1101 4578 1218 4635 and
1245 4576 1407 4651 quasi
1435 4575 1747 4635 castrensia
1770 4576 1925 4632 bona
1957 4574 2023 4631 of
2039 4574 2346 4645 adrogatus
2371 4572 2469 4629 the
2501 4570 2669 4629 adro-

1423 4666 1612 4733 aba
