3230 5116
1056 983 1392 1066 LIBER
1477 983 1999 1062 TERTIUS.

1493 1230 1549 1294 1.

426 1408 528 1459 DE
573 1406 1182 1460 HEREDITATIBUS
1226 1405 1433 1471 QUAE
1479 1405 1575 1456 AB
1622 1406 2041 1459 INTESTATO
2086 1408 2620 1466 DEFERUNTUR.

453 1560 922 1626 INTESTATUS
952 1557 1236 1637 decedit,
1259 1556 1372 1641 qui
1403 1565 1522 1622 aut
1543 1557 1815 1622 omnino
1846 1567 2323 1625 testamentum
2354 1583 2487 1626 non
2512 1561 2669 1626 fecit

275 1657 288 1670 ’
359 1673 478 1728 aut
507 1685 641 1730 non
671 1665 810 1730 iure
839 1664 995 1730 fecit
1025 1672 1143 1729 aut
1171 1663 1239 1727 id
1263 1662 1446 1746 quod
1476 1661 1724 1728 fecerat
1753 1673 2019 1746 ruptum
2051 1666 2386 1731 irritumve
2416 1667 2666 1732 factum

360 1777 468 1832 est
494 1779 611 1833 aut
641 1788 838 1833 nemo
870 1790 957 1834 ex
989 1789 1070 1834 eo
1099 1766 1291 1832 heres
1323 1765 1570 1832 extitit.

453 1870 929 1937 Intestatorum
988 1881 1213 1937 autem
1272 1867 1680 1935 hereditates
1732 1891 1821 1933 ex
1868 1871 2017 1954 lege
2068 1872 2421 1938 duodecim
2472 1873 2665 1938 tabu·
2694 1877 2722 1931 1

359 1973 572 2038 larum
602 1976 888 2057 primum
919 1975 1005 2040 ad
1037 1996 1191 2040 suos
1220 1973 1496 2038 heredes
1525 1972 1877 2057 pertinent.
1968 1973 2085 2040 Sui
2126 1985 2351 2040 autem
2388 1975 2664 2040 heredes
2690 1984 2726 2037 2

361 2079 844 2158 existimantur,
878 2088 953 2145 ut
997 2090 1067 2145 et
1109 2100 1307 2163 supra
1350 2079 1665 2154 diximuS,
1698 2078 1811 2162 qui
1856 2079 1922 2142 in
1952 2089 2286 2162 potestate
2324 2081 2665 2145 morientis

357 2181 661 2249 suerunt:
705 2184 912 2250 veluti
963 2185 1138 2249 filius
1190 2185 1343 2260 filia,
1393 2204 1600 2268 nepos
1654 2183 1953 2266 neptisve
1998 2206 2087 2249 ex
2134 2184 2289 2266 filio,
2337 2205 2665 2268 pronepos

357 2283 781 2371 proneptisve
826 2310 915 2354 ex
959 2299 1202 2372 nepote
1240 2288 1378 2353 filio
1413 2298 1590 2366 nat0,
1620 2297 1987 2371 prognatus
2024 2298 2453 2371 prognatave.
2544 2308 2665 2353 nec

359 2391 650 2470 interest,
703 2402 925 2457 utrum
984 2395 1318 2459 naturales
1377 2401 1534 2458 sunt
1592 2391 1783 2457 liberi
1834 2413 1920 2456 an
1979 2393 2294 2476 adoptivi.
2401 2392 2665 2476 Quibus

359 2497 814 2562 connumerari
854 2517 1124 2564 necesse
1169 2506 1273 2564 est
1317 2497 1519 2563 etiam
1566 2517 1700 2574 eOS,
1743 2497 1858 2581 qui
1903 2518 1992 2562 ex
2038 2496 2349 2580 legitimis
2393 2496 2665 2581 quidem

360 2599 794 2666 matrimoniis
849 2622 980 2667 non
1031 2613 1185 2668 sunt
1234 2601 1580 2686 progeniti,
1626 2601 1817 2665 curiis
1861 2608 2089 2666 tamen
2134 2602 2474 2666 civitatum
2523 2592 2665 2666 dati

359 2706 724 2770 secundum
778 2706 1093 2772 divalium
1147 2708 1713 2785 constitutionum,
1764 2726 1937 2789 quae
2000 2726 2199 2788 super
2248 2706 2352 2769 his
2407 2706 2665 2789 positae

359 2817 531 2887 sunt,
573 2818 870 2875 tenorem
919 2831 1185 2874 suorum
1232 2812 1372 2875 iura
1424 2810 1920 2881 nanciscuntur:
1976 2829 2097 2874 nec
2141 2830 2273 2873 non
2318 2829 2449 2887 eos,
2495 2828 2664 2891 quos

359 2919 624 2977 nostrae
675 2914 1031 2998 amplexae
1082 2923 1237 2980 sunt
1289 2914 1815 2991 constitutioneS,
1856 2932 1978 2996 per
2026 2933 2191 2995 quas
2240 2912 2563 2989 iussimuS,
2608 2910 2661 2973 si

359 3016 506 3100 quis
559 3018 901 3084 mulierem
949 3020 1016 3084 in
1064 3039 1186 3084 suo
1235 3019 1665 3083 contubernio
1712 3017 2119 3100 copulaverit
2163 3036 2293 3079 non
2340 3017 2427 3080 ab
2475 3016 2661 3080 initio

357 3120 710 3187 affectione
784 3123 1085 3201 maritali,
1140 3144 1289 3188 eam
1363 3132 1609 3200 tamen,
1663 3141 1814 3185 cum
1890 3140 2021 3203 qua
2089 3128 2354 3201 poterat
2416 3118 2663 3181 habere

357 3225 756 3310 coniugium,
795 3235 864 3292 et
908 3248 998 3291 ex
1042 3248 1121 3291 &a
1162 3228 1408 3292 liberos
1450 3225 1803 3305 sustulerit,
1843 3231 2079 3307 postea
2110 3244 2269 3287 vero
2313 3222 2661 3287 affectione

427 3456 544 3511 'nt
571 3458 622 3511 1.
681 3456 797 3511 For
837 3457 936 3512 the
978 3455 1198 3527 precise
1239 3454 1510 3525 meaning
1553 3456 1620 3511 of
1660 3461 2067 3511 testamentum
2109 3469 2225 3507 non
2269 3450 2389 3508 iure
2429 3451 2661 3519 factum,

353 3548 600 3609 ruptum,
627 3538 863 3609 irritum,
887 3540 1004 3595 and
1029 3538 1361 3595 destitutum
1387 3556 1482 3595 see
1507 3555 1582 3593 on
1609 3538 1717 3593 Bk.
1743 3536 1797 3594 ii.
1832 3550 1909 3605 17.
1937 3553 2017 3607 pr.
2047 3552 2197 3606 supr.

431 3620 460 3692 ξ
483 3625 532 3677 1.
569 3623 695 3679 The
711 3624 938 3679 Twelve
953 3623 1182 3693 Tables,
1191 3624 1382 3678 whose
1398 3622 1584 3677 words
1599 3636 1703 3677 ran
1723 3621 1739 3651 ‘
1754 3620 1802 3675 si
1824 3620 2127 3675 intestatus
2142 3616 2395 3689 moritur,
2414 3617 2503 3673 cui
2526 3633 2661 3673 suus

354 3704 522 3761 heres
547 3721 656 3762 nec
674 3706 832 3775 escit,
849 3715 1090 3778 agnatus
1115 3706 1404 3777 proximus
1419 3704 1696 3761 familiam
1719 3704 1965 3773 habet0,’
1983 3701 2291 3758 conceived
2315 3702 2413 3757 the
2439 3717 2663 3757 succes-

355 3788 484 3844 sion
519 3788 586 3844 os
614 3807 650 3845 a
686 3807 821 3846 suus
855 3790 1022 3846 heres
1058 3791 1172 3845 less
1208 3806 1273 3846 as
1309 3806 1346 3845 a
1381 3788 1710 3845 succession
1747 3790 1887 3843 than
1926 3804 1989 3842 as
2028 3802 2065 3842 a
2103 3783 2493 3841 continuation
2526 3784 2592 3839 of
2626 3798 2663 3840 a

355 3888 623 3941 common
647 3872 1092 3946 proprietorship
1117 3874 1308 3929 whose
1338 3872 1587 3928 exercise
1611 3870 1731 3927 had
1754 3871 1869 3927 lain
1903 3871 2169 3926 dormant
2191 3868 2397 3939 during
2419 3869 2519 3927 the
2542 3867 2663 3922 life·

353 3953 496 4012 time
531 3956 596 4011 of
623 3958 722 4013 the
753 3956 1036 4013 deceased
1069 3957 1476 4029 paterfamilias
1502 3975 1515 4012 ε
1555 3956 1625 4011 cf.
1654 3954 1833 4011 Gaius
1870 3954 1927 4011 ii.
1960 3965 2079 4025 157,
2104 3952 2211 4009 Bk.
2233 3951 2291 4009 ii.
2322 3966 2401 4022 19.
2431 3968 2464 4007 2
2490 3968 2661 4023 supr„

355 4038 474 4094 and
499 4041 528 4107 §
553 4055 584 4110 3
604 4039 718 4110 inf„
746 4039 931 4113 ‘quasi
970 4040 1328 4098 continuatur
1366 4038 1717 4107 dominium,'
1742 4038 1879 4109 Dig.
1899 4037 1985 4094 28.
2006 4052 2055 4091 2.
2083 4050 2104 4091 1
2120 4050 2143 4091 ι
2174 4034 2265 4091 ‘in
2284 4034 2402 4091 suis
2440 4032 2662 4091 heredi-

353 4120 466 4179 bus
505 4122 824 4181 evidentius
865 4134 1120 4196 apparet,
1155 4122 1643 4199 continuationem
1682 4120 1919 4179 dominii
1959 4136 2030 4176 eo
2068 4136 2193 4176 rem
2233 4118 2561 4191 perducere,
2598 4126 2662 4177 ut

352 4206 510 4261 nulla
544 4205 805 4264 videatur
839 4208 1128 4269 hereditas
1162 4200 1373 4279 fuisse,
1392 4205 1556 4279 quasi
1593 4205 1731 4263 olim
1766 4205 1827 4261 hi
1863 4202 2080 4260 domini
2117 4212 2327 4272 essent,
2354 4200 2447 4275 qui
2486 4200 2663 4259 etiam

353 4288 484 4343 vivo
520 4300 682 4361 patre
718 4291 1143 4363 quodammodo
1179 4292 1422 4348 heredes
1458 4289 1885 4347 existimantur:
1918 4327 1933 4343 .
1958 4330 1971 4343 .
2001 4330 2015 4343 .
2048 4286 2239 4358 itaque
2263 4295 2393 4356 post
2417 4295 2661 4340 mortem

353 4372 535 4443 patris
569 4390 687 4430 non
716 4375 1095 4433 hereditatem
1126 4376 1418 4448 percipere
1441 4374 1723 4445 videntur,
1747 4374 1852 4431 sed
1883 4370 2069 4445 magis
2104 4370 2343 4429 liberam
2378 4370 2661 4427 bonorum

353 4454 912 4515 administrationem
948 4462 1404 4533 consequuntur-²

427 4538 536 4616 §a
561 4542 678 4599 For
693 4543 794 4601 the
817 4543 1022 4605 modes
1045 4544 1108 4603 of
1126 4543 1503 4619 legitimating
1525 4540 1878 4619 illegitimate
1902 4540 2157 4601 children
2182 4554 2279 4597 see
2304 4551 2381 4593 on
2406 4534 2511 4593 Bk.
2530 4533 2566 4593 i.
2581 4547 2669 4595 ιο.

1488 4641 1530 4694 Ζ
