3230 5116
517 321 647 394 504
923 316 1071 371 INS
1078 316 1223 371 TIT
1225 316 1336 371 UT
1331 315 1491 371 ION
1493 315 1626 370 HM
1660 314 1896 368 LIBRI
1935 315 2409 386 QUATTUOR.
2583 317 2722 382 [Lib.
2751 319 2850 369 lv.

426 497 488 551 11
609 483 952 546 Interdum
998 481 1153 547 furti
1191 490 1469 556 tenetur,
1502 481 1615 565 qui
1647 482 1790 565 ipse
1829 482 2077 546 furtum
2122 502 2254 545 non
2299 480 2560 547 fecerit:
2607 481 2844 564 qualis

522 598 643 662 est,
674 587 855 650 cuius
898 606 1027 668 ope
1067 596 1136 651 et
1175 586 1450 650 consilio
1486 585 1738 650 furtum
1778 585 2028 650 factum
2074 596 2194 650 est.
2283 585 2350 648 in
2380 606 2514 667 quo
2546 605 2844 648 numero

522 702 643 766 est,
674 692 787 773 qui
820 690 941 753 tibi
974 709 1282 753 nummos
1314 689 1628 761 excussit,
1658 698 1732 752 ut
1762 687 1929 752 alius
1961 709 2074 752 eos
2109 699 2388 772 raperet,
2418 699 2534 752 aut
2564 689 2842 752 obstitit

523 795 661 872 tibi,
715 802 789 856 ut
836 793 1004 857 alius
1058 815 1197 857 rem
1250 803 1435 857 tuam
1485 793 1842 874 exciperet,
1897 792 2002 856 vel
2050 813 2210 856 oves
2255 801 2374 858 aut
2419 793 2624 856 boves
2676 801 2838 856 tuas

523 897 870 980 fugaverit,
917 909 991 961 ut
1038 897 1205 960 alius
1252 917 1365 961 eas
1410 897 1789 979 exciperet:
1837 906 1904 960 et
1947 895 2075 960 hoc
2120 905 2376 960 veteres
2427 896 2840 978 scripserunt

524 1004 612 1067 de
671 1023 772 1077 eo,
833 1003 947 1084 qui
1007 985 1231 1084 panno
1291 1001 1488 1066 rubro
1552 1000 1806 1083 fugavit
1864 1009 2259 1065 armentum.
2377 1001 2496 1064 sed
2551 1003 2606 1063 si
2665 1000 2838 1082 quid

525 1125 751 1170 eorum
800 1123 920 1188 per
970 1104 1307 1170 lasciviam
1354 1115 1421 1168 et
1473 1124 1607 1167 non
1668 1105 1828 1167 data
1881 1123 2098 1185 opera,
2152 1113 2225 1167 ut
2276 1103 2525 1168 furtum
2585 1104 2842 1167 admit-

526 1218 793 1282 teretur,
822 1208 1073 1273 factum
1117 1218 1235 1286 est,
1276 1211 1342 1272 in
1384 1208 1631 1273 sactum
1667 1208 1842 1271 actio
1889 1207 2030 1270 dari
2069 1207 2332 1272 debeat.
2420 1218 2492 1272 at
2541 1208 2654 1271 ubi
2699 1228 2844 1290 ope

528 1312 774 1376 Maevii
805 1312 1023 1376 Titius
1053 1311 1301 1376 furtum
1324 1311 1568 1387 fecerit,
1601 1311 1804 1376 ambo
1832 1310 1986 1374 furti
2009 1319 2334 1374 tenentur.
2397 1331 2526 1394 ope
2557 1311 2842 1375 consilio

529 1417 668 1480 eius
710 1436 976 1499 quoque
1018 1415 1265 1480 furtum
1310 1416 1576 1480 admitti
1604 1417 1888 1493 videtur,
1917 1416 2030 1498 qui
2069 1414 2279 1478 scalas
2317 1413 2487 1479 forte
2525 1415 2842 1479 fenestris

528 1519 842 1602 supponit
888 1529 1002 1584 aut
1044 1518 1221 1601 ipsas
1252 1519 1573 1584 fenestras
1610 1519 1718 1584 vel
1759 1520 2005 1583 ostium
2049 1518 2354 1602 effringit,
2387 1529 2463 1583 ut
2500 1518 2667 1582 alius
2696 1518 2836 1581 fur-

528 1633 673 1687 tum
717 1624 981 1702 faceret,
1012 1625 1207 1706 quive
1248 1624 1646 1688 ferramenta
1691 1625 1776 1688 ad
1825 1623 2310 1706 effringendum
2347 1631 2462 1687 aut
2503 1623 2714 1686 scalas
2759 1634 2840 1686 ut

529 1727 831 1792 fenestris
899 1736 1427 1810 supponerentur
1495 1728 2032 1805 commodaverit,
2091 1727 2302 1790 sciens
2367 1726 2552 1790 cuius
2617 1727 2840 1808 gratia

529 1832 1067 1897 commodaverit.
1130 1841 1303 1897 certe
1332 1832 1446 1914 qui
1477 1831 1727 1894 nullam
1757 1850 2028 1912 operam
2061 1832 2148 1894 ad
2181 1831 2426 1894 furtum
2455 1830 2838 1894 faciendum

528 1935 852 2012 adhibuit,
900 1938 1016 2002 sed
1063 1946 1323 2001 tantum
1373 1935 1718 1999 consilium
1760 1935 1946 1998 dedit
1991 1943 2190 2016 atque
2240 1934 2542 1998 hortatus
2591 1941 2694 1998 est
2745 1934 2836 1997 ad

440 2049 505 2103 12
532 2041 778 2105 furtum
822 2041 1217 2116 faciendum,
1266 2061 1400 2104 non
1444 2047 1707 2103 tenetur
1748 2038 1923 2102 furti.
2019 2039 2132 2116 Hi,
2176 2041 2288 2121 qui
2344 2040 2410 2101 in
2462 2039 2837 2121 parentium

531 2145 635 2210 vel
676 2145 1097 2209 dominorum
1143 2153 1479 2227 potestate
1523 2153 1695 2219 sunt,
1745 2143 1801 2206 si
1846 2163 1991 2206 rem
2029 2145 2123 2206 eis
2167 2144 2552 2225 subripiant,
2585 2143 2834 2207 furtum

532 2249 803 2330 quidem
830 2247 963 2311 illis
994 2247 1241 2312 faciunt
1272 2256 1339 2311 et
1381 2267 1483 2311 res
1524 2247 1590 2310 in
1637 2246 1944 2311 furtivam
1979 2266 2247 2310 causam
2279 2247 2456 2311 cadit
2495 2267 2616 2310 nec
2645 2247 2731 2311 ob
2765 2247 2838 2310 id

533 2352 619 2414 ab
669 2351 804 2414 ullo
854 2351 1123 2431 usucapi
1167 2361 1408 2432 potest,
1458 2359 1818 2434 antequam
1873 2350 1940 2414 in
1985 2351 2236 2414 domini
2281 2359 2685 2434 potestatem
2733 2371 2842 2414 re-

530 2462 837 2531 vertatur,
884 2453 1003 2517 sed
1048 2453 1205 2517 furti
1248 2456 1423 2518 actio
1469 2474 1599 2518 non
1663 2454 1968 2528 nascitur,
2022 2455 2176 2536 quia
2221 2474 2340 2517 nec
2394 2475 2482 2517 ex
2527 2454 2654 2517 alia
2699 2454 2840 2518 ulla

533 2578 729 2622 causa
760 2567 981 2641 potest
1013 2557 1185 2622 inter
1213 2579 1325 2622 eos
1356 2560 1531 2623 actio
1562 2557 1782 2623 nasci:
1834 2560 1887 2622 si
1919 2578 2075 2621 vero
2106 2579 2234 2641 ope
2266 2557 2537 2623 consilio
2568 2557 2840 2623 alterius

532 2662 779 2726 furtum
828 2662 1075 2727 sactum
1123 2661 1335 2737 fuerit,
1390 2664 1545 2744 quia
1594 2663 1824 2744 utique
1877 2662 2124 2728 furtum
2179 2663 2629 2739 committitur,
2680 2683 2840 2725 con·-

530 2766 874 2831 venienter
911 2766 1021 2830 ille
1065 2765 1219 2830 furti
1265 2774 1543 2846 tenetur,
1582 2766 1739 2848 quia
1781 2787 2012 2830 verum
2062 2776 2164 2831 est
2207 2786 2337 2849 ope
2381 2766 2653 2831 consilio
2699 2767 2841 2829 eius

533 2870 780 2935 furtum
812 2869 1059 2934 facturn
1092 2891 1256 2934 esse.

535 3096 733 3172 taking
769 3101 855 3156 his
892 3112 1159 3173 property
1183 3119 1343 3172 away
1366 3101 1511 3156 from
1549 3119 1585 3156 a
1621 3119 1829 3172 person
1867 3104 1994 3157 who
2029 3103 2146 3158 had
2183 3120 2338 3158 mere
2375 3103 2665 3160 detention
2701 3104 2766 3157 of
2794 3102 2840 3157 it

534 3186 669 3255 only
693 3185 741 3239 if
760 3186 855 3239 the
874 3186 1041 3240 latter
1064 3185 1181 3240 had
1205 3202 1241 3239 a
1264 3186 1412 3253 legal
1436 3184 1585 3254 right
1605 3195 1665 3239 to
1686 3185 1879 3240 detain
1907 3185 1965 3254 it,
1995 3186 2130 3254 Dig.
2151 3200 2237 3253 47.
2255 3202 2306 3240 2.
2330 3200 2407 3255 15.
2435 3202 2485 3255 2,
2503 3204 2614 3256 e.g.
2644 3204 2680 3241 a
2705 3204 2839 3241 usu-

536 3269 836 3337 fructuary,
866 3268 997 3337 Dig.
1026 3268 1098 3323 ib.
1135 3283 1154 3322 1
1180 3288 1192 3324 ε
1231 3268 1303 3323 ib.
1332 3284 1418 3322 20.
1454 3284 1496 3337 1,
1523 3269 1636 3323 and
1675 3286 1712 3323 a
1747 3270 1900 3323 bona
1933 3268 2044 3323 fide
2070 3286 2383 3339 possessor,
2412 3270 2588 3325 Gaius
2615 3269 2690 3325 iii.
2717 3286 2842 3324 200.

540 3354 591 3406 It
620 3368 732 3405 was
770 3352 995 3422 equally
1019 3352 1227 3405 furtum
1264 3352 1351 3405 for
1387 3368 1423 3406 a
1459 3352 1696 3421 pledgor
1731 3362 1791 3407 to
1828 3352 2070 3407 alienate
2113 3353 2209 3407 the
2243 3354 2448 3424 pignus
2474 3352 2706 3408 without
2741 3354 2842 3407 the

536 3434 823 3504 pledgee’s
868 3446 1121 3502 consent,
1163 3435 1294 3504 Dig.
1333 3449 1420 3502 47.
1459 3450 1509 3489 2.
1554 3450 1634 3504 19.
1671 3434 1743 3491 6:
1783 3435 1856 3489 ib.
1895 3435 1983 3489 66.
2057 3436 2182 3491 The
2223 3454 2314 3491 res
2353 3454 2458 3491 sua
2498 3436 2680 3492 which
2725 3453 2841 3490 was

538 3520 722 3574 stolen
746 3520 823 3588 by
848 3536 883 3574 a
920 3520 1185 3575 dominus
1220 3537 1393 3577 never
1428 3521 1666 3577 became
1703 3521 1908 3577 furtiva
1945 3539 2011 3576 so
2047 3538 2111 3577 as
2149 3531 2208 3577 to
2246 3522 2474 3593 impede
2511 3522 2841 3593 usucapion,

543 3602 676 3671 Dig.
703 3602 779 3656 ib.
806 3618 890 3657 2o.
925 3617 971 3658 1.

612 3683 640 3754 ξ
669 3688 751 3737 11.
789 3684 805 3714 ‘
827 3685 1139 3740 Consilium
1178 3686 1314 3741 dare
1336 3686 1574 3755 videtur,
1601 3687 1698 3758 qui
1733 3689 2039 3759 persuadet
2064 3698 2118 3744 et
2147 3688 2383 3760 impellit
2413 3698 2584 3761 atque
2619 3689 2844 3745 instruit

540 3767 777 3823 consilio
813 3768 891 3823 ad
926 3768 1135 3823 furtum
1170 3769 1529 3825 faciendum:
1569 3786 1738 3840 opem
1775 3772 1896 3837 fert,
1936 3772 2031 3843 qui
2070 3772 2444 3828 ministerium
2478 3784 2648 3845 atque
2685 3774 2846 3828 adiu-

541 3852 746 3907 torium
773 3852 848 3907 ad
874 3852 1269 3922 subripiendas
1300 3870 1389 3907 res
1421 3854 1687 3923 praebet’
1715 3854 1844 3924 Dig.
1874 3869 1960 3923 47.
1993 3868 2075 3925 50.
2104 3871 2154 3924 3.
2233 3857 2464 3911 Instead
2489 3858 2555 3911 of
2571 3858 2670 3913 the
2694 3856 2846 3912 actio

542 3936 597 3989 in
624 3936 852 4004 factum,
880 3934 1063 3989 which
1089 3936 1182 4005 lay
1206 3935 1264 3990 in
1290 3936 1386 3991 the
1413 3953 1545 3991 case
1572 3938 1638 3991 of
1653 3938 1901 4007 lascivia,
1928 3940 2087 3994 there
2113 3940 2296 3995 would
2319 3941 2394 3994 be
2419 3958 2490 3995 an
2517 3940 2668 3995 actio
2693 3940 2846 3995 utilis

543 4019 724 4074 under
749 4019 845 4075 the
871 4018 961 4073 lex
984 4018 1213 4090 Aquilia
1238 4019 1285 4074 if
1313 4020 1409 4075 the
1434 4021 1613 4075 alarm
1641 4021 1707 4075 of
1735 4023 1830 4077 the
1865 4024 2034 4078 cattle
2060 4034 2118 4078 at
2145 4024 2240 4078 the
2275 4023 2379 4078 red
2401 4040 2506 4092 rag
2529 4024 2624 4078 led
2647 4033 2708 4078 to
2731 4041 2848 4093 any

544 4102 609 4156 of
639 4102 796 4157 them
820 4102 993 4172 being
1029 4104 1275 4173 actually
1300 4102 1537 4174 injured,
1565 4104 1744 4160 Gaius
1782 4104 1858 4161 iii.
1885 4121 2006 4173 202,
2032 4106 2141 4161 Tit.
2169 4122 2220 4173 4.
2253 4107 2316 4160 16
2340 4107 2456 4173 inf„
2485 4105 2621 4176 Dig.
2647 4121 2730 4174 47.
2762 4120 2846 4177 50.

542 4201 615 4252 43
653 4184 726 4241 ib.
772 4198 829 4255 51
860 4206 874 4252 ;
926 4200 977 4254 9.
1017 4199 1066 4239 2.
1108 4200 1193 4253 27.
1232 4202 1315 4243 21.
1392 4188 1635 4258 Though
1678 4190 1774 4244 the
1810 4206 1995 4259 poena
2034 4189 2202 4244 could
2243 4190 2315 4244 be
2357 4190 2660 4245 recovered
2698 4191 2846 4245 from

542 4267 887 4323 accessories
912 4284 988 4323 no
1014 4269 1126 4324 less
1162 4270 1300 4325 than
1334 4271 1479 4325 from
1517 4271 1842 4342 principaIS‚
1866 4273 2002 4342 they
2028 4273 2195 4327 could
2221 4284 2320 4327 not
2345 4273 2418 4328 be
2444 4273 2586 4328 sued
2611 4273 2687 4342 by
2712 4290 2846 4328 con·

544 4351 717 4406 dictio
744 4350 963 4417 furtiva,
988 4351 1077 4406 for
1102 4351 1282 4408 which
1310 4370 1407 4410 see
1432 4371 1507 4409 on
1536 4354 1562 4425 ξ
1592 4370 1656 4424 ¹9
1681 4354 1795 4424 ins„
1825 4353 1958 4425 Dig.
1987 4370 2066 4424 13.
2094 4371 2137 4411 1.
2156 4355 2206 4412 6.

616 4432 765 4507 §12
804 4434 889 4489 Cf.
919 4434 1025 4489 Bk.
1052 4434 1107 4490 ii.
1133 4435 1185 4491 6.
1213 4437 1245 4493 8
1272 4453 1424 4509 supr.
1506 4438 1630 4492 The
1668 4447 1880 4495 master
1915 4437 2084 4495 could
2121 4449 2219 4494 not
2257 4454 2358 4496 sue
2396 4440 2492 4495 the
2529 4439 2700 4509 slave,
2740 4454 2848 4497 nor
