3230 5116
616 407 743 492 548
1013 410 1163 466 INS
1165 410 1219 464 T
1217 409 1260 464 I
1260 408 1313 463 T
1314 407 1425 465 UT
1422 405 1583 462 ION
1584 405 1716 462 ΠΜ
1748 403 1990 460 LIBRI
2022 404 2490 476 QUATTUOR.
2693 407 2844 472 [Lib.
2867 411 2968 460 tv.

612 578 794 643 cuius
836 597 925 641 ex
968 586 1157 659 parte
1199 595 1302 639 res
1339 581 1461 649 est,
1495 582 1710 638 totam
1751 592 1901 636 eam
1941 569 2047 635 vel
2083 571 2333 634 maiore
2372 591 2460 634 ex
2503 577 2708 654 parte
2745 591 2958 634 suam

612 701 757 746 esse
798 680 1173 744 intenderit.
1262 677 1630 760 Tempore:
1670 676 1876 740 veluti
1907 675 1963 738 si
2004 676 2152 758 quis
2194 683 2352 738 ante
2389 675 2572 738 diem
2615 662 2736 738 v'el
2777 685 2960 736 ante

617 784 1067 849 condicionem
1117 781 1399 864 petierit.
1460 810 1467 816 ·
1504 799 1636 862 qua
1689 779 1944 843 ratione
2007 779 2184 842 enim
2236 779 2350 860 qui
2399 778 2663 842 tardius
2717 777 2958 853 solvit,

614 909 816 970 quam
841 886 1093 950 solvere
1116 885 1409 962 deberet,
1434 882 1652 946 minus
1675 883 1930 946 solvere
1959 881 2378 963 intellegitur,
2404 882 2644 946 &adem
2671 881 2958 944 ratione

614 991 728 1074 qui
774 996 1191 1073 praemature
1230 988 1400 1070 petit
1442 985 1592 1068 plus
1633 996 1862 1068 petere
1887 986 2166 1049 videtur.
2257 983 2442 1048 Loco
2469 983 2622 1066 plus
2662 984 2956 1066 petitur,

614 1094 819 1159 veluti
852 1114 1001 1158 cum
1034 1093 1180 1174 quis
1209 1091 1297 1170 id,
1319 1091 1498 1173 quod
1531 1099 1712 1154 certo
1743 1089 1890 1152 loco
1921 1089 2044 1152 sibi
2075 1088 2424 1170 stipulatus
2456 1097 2577 1159 est,
2609 1088 2758 1151 alio
2787 1087 2956 1151 loco

613 1196 784 1279 petit
834 1197 975 1260 sine
1028 1194 1660 1259 commemoratione
1712 1192 1884 1255 illius
1935 1191 2081 1270 loci,
2133 1192 2200 1256 in
2250 1213 2384 1274 quo
2432 1192 2556 1255 sibi
2605 1192 2760 1254 dari
2821 1192 2954 1255 sti·

615 1298 883 1383 pulatus
942 1299 1175 1363 fuerit:
1236 1297 1421 1362 verbi
1480 1297 1694 1380 gratia
1753 1295 1808 1360 si
1867 1297 1942 1374 is,
1992 1297 2106 1379 qui
2166 1296 2258 1360 ita
2316 1295 2672 1378 stipulatus
2735 1295 2956 1359 fuerit

617 1410 633 1438 ‘
655 1402 903 1486 Ephesi
935 1404 1095 1466 dare
1134 1397 1499 1483 spondes?'
1566 1400 1827 1464 Romae
1864 1419 2028 1481 pure
2069 1400 2370 1464 intendat
2399 1401 2538 1463 dari
2571 1399 2704 1462 sibi
2737 1419 2954 1481 opor·

616 1515 774 1570 tere.
888 1505 1039 1568 ideo
1091 1514 1315 1568 autem
1371 1503 1520 1586 plus
1580 1513 1810 1586 petere
1869 1502 2287 1585 intellegitur,
2338 1503 2495 1585 quia
2544 1502 2953 1579 utilitatem,

616 1629 817 1691 quam
870 1607 1103 1672 habuit
1154 1609 1529 1690 promissor,
1578 1608 1634 1671 si
1696 1606 1948 1689 Ephesi
1996 1607 2293 1683 solveret,
2348 1607 2585 1670 adimit
2639 1607 2704 1670 ei
2767 1627 2952 1688 pura

616 1712 1017 1778 intentione:
1062 1722 1332 1795 propter
1371 1732 1570 1796 quam
1610 1731 1877 1775 causam
1917 1711 2048 1774 alio
2093 1711 2240 1776 loco
2285 1710 2536 1794 petenti
2579 1711 2950 1774 arbitraria

616 1816 791 1884 actio
834 1818 1239 1900 proponitur,
1285 1816 1351 1878 in
1392 1837 1524 1898 qua
1566 1816 1815 1881 scilicet
1857 1816 2024 1880 ratio
2071 1815 2354 1879 habetur
2391 1814 2722 1889 utilitatis,
2757 1835 2950 1897 quae

616 1921 996 2004 promissori
1051 1919 1488 2001 competitura
1542 1918 1790 1998 fuisset,
1845 1919 1899 1982 si
1959 1919 2074 1983 illo
2136 1918 2282 1983 loco
2341 1917 2645 1983 solveret.
2757 1939 2952 2000 quae

618 2023 869 2090 utilitas
911 2022 1297 2106 plerumque
1338 2022 1405 2086 in
1448 2023 1776 2086 mercibus
1813 2023 2110 2086 maxima
2151 2021 2492 2100 invenitur,
2523 2021 2732 2084 veluti
2775 2023 2948 2086 vino

620 2127 768 2192 oleo
831 2126 1177 2201 frument0,
1240 2146 1408 2207 quae
1468 2145 1587 2208 per
1645 2125 1938 2207 singulas
2001 2127 2298 2208 regiones
2357 2125 2614 2189 diversa
2671 2124 2948 2188 habent

619 2230 867 2313 pretia:
914 2229 1031 2292 sed
1064 2239 1132 2291 'et
1169 2229 1486 2311 pecuniae
1518 2237 1902 2292 numeratae
1939 2249 2072 2292 non
2104 2230 2170 2293 in
2200 2228 2504 2292 omnibus
2547 2228 2948 2309 regionibus

621 2335 745 2398 sub
788 2333 997 2398 isdem
1034 2332 1242 2394 usuris
1284 2331 1681 2396 fenerantur.
1772 2333 1826 2396 si
1864 2333 2014 2415 quis
2052 2341 2276 2398 tamen
2319 2333 2571 2414 Ephesi
2611 2341 2828 2414 petat,
2867 2333 2944 2396 id

623 2444 725 2498 est
756 2456 836 2497 eo
865 2434 1011 2497 loco
1043 2443 1245 2515 petat,
1277 2455 1408 2516 quo
1440 2445 1513 2499 ut
1545 2436 1668 2499 sibi
1699 2435 1894 2500 detur
1921 2435 2271 2518 stipulatus
2311 2441 2432 2512 est,
2463 2455 2626 2517 pura
2659 2435 2946 2499 actione

624 2547 800 2603 recte
829 2537 1001 2621 agit:
1050 2535 1248 2621 idque
1277 2540 1479 2602 etiam
1523 2549 1791 2622 praetor
1821 2549 2160 2613 monstrat,
2193 2536 2442 2603 scilieet
2479 2538 2633 2623 quia
2670 2537 2946 2604 utilitas

624 2641 921 2705 solvendi
975 2639 1155 2704 salva
1209 2652 1311 2706 est
1362 2644 1763 2725 promissori.
1879 2643 2056 2707 Huic
2110 2652 2350 2721 autem,
2414 2644 2526 2725 qui
2570 2641 2718 2706 loco
2775 2642 2942 2725 plus

620 2755 846 2829 petere
890 2743 1311 2826 intellegitur,
1356 2746 1701 2828 proximus
1747 2754 1852 2812 est
1901 2747 1958 2810 is
2003 2745 2114 2829 qui
2163 2767 2361 2810 causa
2399 2746 2550 2829 plus
2594 2746 2768 2828 petit
2790 2769 2809 2806 ε
2857 2756 2946 2812 ut

622 3016 793 3075 made
811 3015 870 3070 in
890 3016 1071 3073 either
1087 3018 1181 3071 the
1198 3015 1453 3084 intenti0,
1472 3018 1574 3073 the
1584 3017 2004 3085 condemnatio,
2020 3034 2084 3072 or
2099 3018 2196 3073 the
2215 3016 2637 3073 demonstratio.
2685 3018 2736 3073 It
2755 3018 2940 3073 could

624 3117 795 3157 occur
819 3100 877 3155 in
914 3100 1011 3155 the
1047 3100 1287 3156 intentio
1326 3102 1459 3169 only
1484 3102 1670 3157 where
1709 3101 1750 3156 it
1776 3118 1892 3156 was
1918 3111 2074 3156 certa
2099 3102 2174 3171 (e.
2184 3117 2238 3169 g.
2265 3099 2313 3155 si
2341 3109 2498 3170 paret
2524 3139 2539 3154 .
2563 3140 2578 3155 .
2607 3140 2622 3155 .
2645 3099 2940 3172 quinqua-

625 3184 784 3254 ginta
808 3201 1008 3241 aureos
1035 3184 1171 3239 dare
1196 3194 1471 3254 oportere,
1492 3185 1655 3239 when
1681 3186 1778 3239 the
1804 3184 2112 3239 defendant
2141 3184 2318 3253 really
2341 3182 2503 3237 owed
2526 3200 2562 3237 a
2587 3184 2699 3237 less
2725 3186 2886 3251 sum)
2913 3202 2932 3249 ς

626 3268 740 3323 and
768 3268 901 3323 here
935 3266 1007 3322 its
1042 3268 1215 3322 result
1242 3284 1355 3323 was
1392 3268 1515 3325 that
1552 3268 1650 3323 the
1683 3267 1874 3338 judge,
1899 3267 2119 3337 finding
2149 3267 2248 3323 the
2280 3266 2498 3336 precise
2523 3284 2649 3321 sum
2673 3268 2932 3323 claimed

626 3367 743 3405 was
784 3360 883 3405 not
927 3350 986 3405 in
1028 3351 1140 3406 fact
1181 3350 1357 3420 owed,
1400 3368 1516 3407 was
1555 3350 1751 3405 bound
1795 3360 1855 3405 to
1899 3350 2131 3405 absolve
2170 3350 2270 3405 the
2311 3348 2637 3419 defendant,
2673 3350 2792 3404 and
2831 3352 2936 3407 the

626 3433 921 3504 plaintiff's
954 3432 1103 3503 right
1138 3434 1204 3487 of
1229 3433 1417 3489 action
1451 3451 1567 3489 was
1603 3434 1841 3502 thereby
1862 3433 2213 3502 irrevocably
2235 3450 2400 3503 gone,
2425 3434 2670 3488 because
2705 3435 2805 3489 the
2837 3452 2936 3489 res

628 3515 742 3570 had
768 3516 913 3571 been
940 3516 995 3569 in
1031 3515 1300 3573 iudicium
1326 3518 1589 3585 deducta,
1614 3517 1731 3573 and
1763 3516 1947 3573 either
1969 3519 2042 3571 he
2076 3517 2244 3571 could
2274 3525 2374 3571 not
2407 3534 2508 3571 sue
2545 3516 2712 3587 again
2739 3528 2800 3573 at
2837 3520 2933 3587 all,

626 3614 707 3664 or,
728 3596 775 3651 if
794 3598 866 3651 he
886 3599 1070 3664 could,
1088 3599 1186 3655 the
1204 3599 1514 3657 defendant
1534 3600 1703 3656 could
1728 3600 1882 3670 repel
1908 3598 2026 3654 him
2043 3600 2122 3669 by
2139 3600 2236 3653 the
2255 3599 2512 3669 exceptio
2537 3600 2617 3654 rei
2643 3599 2932 3656 iudicatae

626 3696 692 3735 or
715 3679 775 3733 in
812 3679 1081 3737 iudicium
1118 3682 1413 3752 deductae,
1442 3682 1621 3739 Gaius
1647 3682 1720 3739 iv.
1754 3683 1887 3737 106:
1927 3683 1999 3737 cf.
2023 3680 2140 3737 Cic.
2160 3682 2234 3737 de
2269 3680 2484 3737 invent.
2513 3697 2562 3737 2.
2584 3698 2650 3752 19
2684 3683 2798 3738 ‘ita
2839 3682 2930 3740 ius

629 3762 792 3818 civile
828 3764 1105 3819 habemus
1142 3765 1528 3835 constitutum,
1554 3776 1618 3823 ut
1655 3782 1830 3821 causa
1859 3765 2026 3821 cadat
2061 3764 2131 3833 is,
2153 3764 2248 3835 qui
2283 3781 2416 3833 non,
2441 3766 2926 3835 quemadmodum

628 3855 869 3914 oportet,
894 3846 1071 3916 egerit
1095 3848 1140 3901 :'
1175 3847 1244 3902 ef.
1274 3847 1387 3902 Tit.
1420 3863 1501 3916 13.
1534 3864 1600 3902 10
1623 3849 1718 3904 inf.
1799 3850 1855 3903 If
1873 3850 2032 3904 there
2059 3864 2172 3902 was
2205 3849 2332 3917 plus
2365 3848 2565 3917 petitio
2590 3848 2648 3902 in
2673 3849 2770 3903 the
2793 3866 2930 3905 eon-

628 3927 919 3985 demnatio
946 3930 1015 3997 (e.
1026 3947 1080 3999 g.
1106 3930 1152 3983 si
1178 3940 1340 4000 paret
1378 3931 1579 3986 decem
1614 3932 1751 3987 dare
1787 3941 2064 4003 oportere,
2091 3930 2258 3986 iudex
2283 3930 2481 4000 viginti
2519 3932 2927 4007 condemnato)

627 4010 859 4081 nobody
884 4012 1052 4067 could
1076 4012 1247 4067 suffer
1270 4013 1370 4069 but
1396 4015 1495 4069 the
1520 4015 1848 4082 defendant,
1875 4016 2000 4069 who
2031 4014 2235 4069 should
2267 4014 2414 4069 have
2444 4015 2615 4071 taken
2641 4032 2773 4071 care
2805 4018 2927 4073 that

627 4096 727 4150 the
754 4110 879 4151 sum
914 4095 1185 4164 specified
1216 4094 1275 4151 in
1300 4097 1397 4152 the
1430 4098 1572 4153 later
1602 4098 1703 4152 did
1735 4108 1834 4153 not
1868 4098 2081 4155 exceed
2105 4099 2227 4153 that
2258 4096 2316 4152 in
2349 4098 2446 4153 the
2479 4098 2682 4153 earlier
2711 4110 2840 4170 part
2873 4104 2930 4156 of

627 4180 726 4235 the
763 4178 1041 4245 formula;
1076 4179 1176 4233 but
1213 4180 1287 4235 he
1324 4180 1493 4238 could
1532 4191 1629 4249 get
1674 4180 1907 4237 himself
1936 4181 1993 4237 in
2031 4180 2312 4251 integrum
2347 4180 2638 4237 restitutus
2677 4182 2795 4237 and
2831 4185 2928 4240 the

628 4260 869 4318 formula
900 4260 1154 4318 rectified
1189 4262 1267 4331 by
1290 4264 1387 4319 the
1423 4274 1651 4333 praetor
1685 4274 1744 4321 at
1781 4281 1895 4333 any
1917 4264 2057 4320 time
2088 4264 2283 4319 before
2303 4262 2621 4335 judgment,
2647 4265 2828 4321 Gaius
2855 4265 2922 4323 iv.

632 4357 713 4415 57.
756 4344 1075 4400 Overclaim
1096 4344 1154 4401 in
1173 4346 1270 4400 the
1289 4347 1699 4403 demonstratio
1715 4347 1935 4418 injured
1953 4364 2028 4403 no
2047 4364 2157 4403 one
2179 4347 2217 4416 (‘
2231 4357 2288 4402 et
2305 4348 2414 4402 hoc
2428 4358 2514 4403 est
2533 4348 2688 4418 quod
2703 4348 2924 4418 dicitur,

629 4427 775 4482 falsa
812 4427 1293 4485 demonstratione
1328 4446 1449 4484 rem
1486 4446 1601 4485 non
1639 4430 1838 4500 perimi
1859 4432 1873 4459 ’
1899 4432 2078 4485 Gaius
2102 4430 2175 4484 iv.
2197 4430 2322 4499 58);
2359 4434 2458 4486 the
2486 4430 2729 4486 mistake
2759 4432 2926 4488 could

628 4512 701 4569 be
728 4509 1017 4568 corrected
1042 4510 1118 4581 by
1141 4511 1239 4569 the
1264 4511 1432 4569 iudex
1456 4510 1690 4569 without
1718 4513 1814 4570 the
1841 4512 2124 4585 necessity
2149 4514 2216 4568 of
2239 4530 2354 4583 any
2377 4513 2722 4583 application
2744 4524 2806 4569 to
2830 4515 2924 4573 the
