3230 5116
323 449 423 497 m,
456 441 557 511 15.]
1126 441 1247 497 DE
1291 441 1862 503 INTERDJCTJS.
2496 448 2625 521 593

324 616 675 682 interdicta
744 617 1083 701 appellari,
1155 618 1312 701 quia
1391 618 1560 683 inter
1634 619 1804 682 duos
1885 617 2204 684 dicuntur.
2326 618 2685 702 Sequens2

322 722 556 785 divisio
609 722 1106 785 interdictorum
1160 722 1323 787 haec
1379 732 1494 797 est,
1550 725 1728 805 quod
1781 724 2112 811 quaedam
2161 724 2625 805 adipiscendae

323 825 758 907 possessionis
789 846 987 889 causa
1016 836 1395 909 comparata
1428 836 1601 905 sunt,
1630 828 1958 910 quaedam
1991 826 2390 902 retinendae,
2423 847 2626 909 quae-

323 930 481 993 dam
502 930 982 1012 reciperandae.
1027 928 1521 1013 Adipiscendae
1540 932 1970 1013 possessionis
1991 951 2184 995 causa
2205 932 2624 995 interdictum
2653 934 2685 989 3

323 1033 866 1097 accommodatur
910 1034 1235 1098 bonorum
1282 1036 1662 1117 possessori,
1705 1036 1884 1119 quod
1931 1034 2305 1118 appellatur
2345 1055 2626 1117 quorum

326 1138 673 1210 bonorum,
723 1137 995 1221 eiusque
1042 1138 1139 1201 vis
1192 1148 1259 1202 et
1312 1149 1607 1221 potestas
1654 1138 1819 1203 haec
1868 1148 1986 1214 est,
2031 1149 2122 1214 ut,
2166 1138 2344 1222 quod
2392 1159 2481 1202 ex
2525 1138 2628 1203 his

326 1241 517 1304 bonis
556 1242 851 1325 quisque,
894 1262 1174 1325 quorum
1222 1244 1549 1325 possessio
1603 1242 1797 1308 alicui
1844 1244 2002 1307 data
2049 1253 2168 1317 est,
2215 1263 2336 1326 pro
2381 1242 2630 1306 herede

324 1353 439 1409 aut
469 1365 591 1427 pro
622 1367 996 1429 possessore
1027 1348 1380 1430 possideat,
1414 1348 1480 1412 id
1514 1347 1593 1423 ei,
1619 1348 1722 1412 cui
1755 1347 2077 1411 bonorum
2110 1346 2437 1429 possessio
2469 1347 2630 1411 data

327 1458 445 1524 est,
494 1450 837 1513 restituere
881 1451 1142 1516 debeat.
1231 1472 1352 1535 pro
1403 1451 1650 1516 herede
1694 1462 1920 1516 autem
1969 1450 2306 1534 possidere
2349 1451 2626 1526 videtur,

324 1553 438 1635 qui
484 1562 673 1634 putat
717 1574 790 1618 se
840 1553 1156 1618 heredem
1208 1576 1392 1620 esse:
1440 1576 1563 1639 pro
1617 1574 1994 1638 possessore
2047 1555 2102 1617 is
2154 1555 2470 1637 possidet.
2516 1554 2630 1637 qui

326 1655 507 1719 nullo
569 1657 707 1721 iure
768 1678 909 1721 rem
968 1658 1433 1723 hereditariam
1491 1660 1595 1724 vel
1658 1662 1861 1723 etiam
1922 1669 2133 1723 totam
2191 1658 2630 1722 hereditatem

326 1759 539 1825 sciens
569 1760 655 1825 ad
687 1782 760 1824 se
792 1782 925 1825 non
958 1763 1289 1845 pertinere
1316 1764 1632 1847 possidet.
1723 1764 1875 1827 ideo
1909 1774 2135 1827 autem
2167 1762 2633 1844 adipiscendae

326 1865 756 1946 possessionis
785 1876 1057 1931 vocatur
1100 1867 1542 1946 interdictum,
1578 1867 1736 1950 quia
1779 1867 1839 1930 ei
1877 1875 2135 1931 tantum
2169 1866 2328 1929 utile
2370 1876 2488 1943 est,
2517 1866 2630 1949 qui

329 1988 501 2031 nunc
555 1969 841 2050 primum
902 1957 1178 2036 conatur
1235 1970 1509 2055 adipisci
1573 1972 1664 2035 rei
1725 1970 2248 2053 possessionem:
2309 1968 2531 2051 itaque
2576 1970 2630 2031 si

327 2072 475 2154 quis
522 2074 805 2155 adeptus
848 2076 1334 2156 possessionem
1384 2074 1676 2139 amiserit
1722 2094 1889 2152 eam,
1933 2072 2060 2137 hoc
2104 2072 2524 2137 interdictum
2573 2071 2631 2134 ei

328 2174 561 2239 inutile
603 2184 725 2240 est.
815 2178 1237 2244 interdictum
1277 2199 1561 2262 quoque,
1592 2180 1767 2262 quod
1811 2176 2185 2259 appellatur
2227 2174 2630 2252 Salvianum‚

328 2406 396 2462 cf.
444 2406 622 2463 Gaius
666 2408 734 2463 iv.
784 2408 899 2463 162.
973 2409 1202 2464 Certain
1236 2408 1480 2465 services
1514 2410 1682 2464 could
1719 2410 1792 2464 be
1830 2409 2035 2479 legally
2070 2407 2316 2463 claimed
2351 2406 2496 2461 from
2535 2407 2632 2462 the

328 2490 561 2545 libertus
597 2491 673 2561 by
710 2490 799 2546 his
835 2491 1114 2563 patronis
1141 2493 1277 2563 they
1312 2492 1429 2548 had
1464 2493 1611 2549 been
1649 2492 1938 2564 promised
1975 2490 2158 2547 under
2192 2492 2370 2560 oath;
2407 2507 2504 2546 see
2536 2506 2632 2561 pp.

329 2587 451 2643 371,
479 2575 583 2643 388
608 2591 758 2647 supr.
834 2575 959 2631 The
994 2575 1257 2632 interdict
1295 2575 1343 2632 is
1381 2587 1481 2632 not
1514 2575 1844 2633 mentioned
1869 2577 2177 2631 elsewhere
2203 2575 2261 2630 in
2288 2575 2384 2630 the
2413 2576 2632 2645 Corpus

329 2675 481 2712 runs.

404 2743 519 2795 For
540 2741 639 2796 the
664 2743 869 2812 pater's
894 2741 1043 2812 right
1070 2753 1129 2798 to
1154 2743 1381 2800 enforce
1406 2743 1742 2816 production
1763 2744 1829 2798 of
1845 2743 2099 2798 children
2127 2741 2183 2797 in
2209 2741 2298 2796 his
2324 2758 2512 2811 power
2536 2757 2634 2796 see

335 2824 465 2894 Dig.
493 2839 577 2893 43.
606 2840 713 2893 303
750 2826 847 2881 the
884 2827 1124 2882 formula
1160 2827 1227 2882 of
1256 2829 1353 2883 the
1391 2826 1656 2882 interdict
1694 2844 1796 2882 ran
1835 2827 1962 2898 ‘qui
1999 2843 2216 2897 quaeve
2255 2825 2312 2880 in
2350 2833 2634 2894 potestate

332 2907 466 2963 Titii
504 2918 608 2978 est,
634 2907 681 2962 si
720 2908 769 2963 is
806 2927 946 2965 eave
982 2910 1136 2980 apud
1172 2920 1230 2966 te
1265 2920 1352 2965 est
1392 2911 1595 2967 dolove
1631 2912 1784 2966 malo
1821 2919 1920 2966 tuo
1956 2910 2169 2965 factum
2207 2917 2294 2964 est
2331 2896 2634 2980 quominils

331 2993 483 3061 apud
510 3002 565 3047 te
591 3003 759 3062 esset,
786 2992 867 3048 ita
891 3010 1022 3048 eum
1047 3010 1247 3049 eamve
1272 2993 1575 3049 exhibeas!

404 3076 585 3132 Gaius
629 3076 724 3146 (iv.
771 3077 893 3144 140)
936 3095 1067 3146 says
1107 3079 1229 3133 that
1270 3078 1469 3133 orders
1511 3075 1802 3148 enjoining
1841 3077 2160 3132 restitution
2198 3092 2262 3130 or
2297 3073 2634 3146 production

332 3178 477 3216 were
502 3169 601 3214 not
629 3159 972 3230 improperly
999 3161 1181 3215 called
1212 3162 1443 3217 decreta
1468 3179 1483 3230 ;
1520 3161 1591 3216 cf.
1619 3162 1714 3215 the
1741 3162 1829 3214 lex
1854 3161 1928 3216 de
1955 3161 2103 3215 Gall.
2129 3158 2323 3229 cisalp.
2350 3159 2634 3225 decernet,

334 3242 720 3300 interdicetve.
795 3245 911 3297 For
936 3243 1270 3299 interdicere
1296 3244 1352 3298 in
1381 3246 1477 3300 the
1512 3261 1680 3299 sense
1706 3243 1770 3298 os
1802 3242 2129 3312 ‘ordering’
2153 3243 2224 3296 cf.
2253 3240 2342 3296 ‘ut
2367 3240 2638 3310 navigare

331 3327 498 3382 liceat
526 3365 539 3380 .
569 3369 581 3382 .
607 3367 619 3382 .
648 3326 1015 3383 interdicam'
1042 3326 1174 3396 Dig.
1201 3342 1287 3396 43.
1320 3342 1398 3394 14.
1433 3342 1474 3382 1.
1501 3343 1583 3397 pr.
1655 3326 1984 3397 Justinian's
2022 3324 2338 3380 derivation
2373 3325 2438 3378 of
2468 3323 2636 3379 inter-

333 3409 547 3465 dictum
567 3409 615 3465 is
635 3410 989 3482 reproduced
1013 3410 1091 3480 by
1109 3411 1479 3481 Theophilus,
1504 3411 1814 3478 ἷντερδίκτον
1841 3453 1854 3466 .
1885 3452 1898 3466 .
1926 3451 1939 3466 .
1965 3410 2112 3465 ἐστὶν
2136 3407 2313 3478 ὁμιλία
2337 3409 2640 3478 Πραίτωροι·

331 3493 525 3562 μεταξὺ
561 3492 654 3548 δύο
690 3499 855 3563 τινῶν,
893 3494 1009 3550 and
1046 3494 1300 3565 possibly
1330 3495 1377 3549 is
1413 3495 1724 3565 supported
1757 3494 1834 3564 by
1862 3493 1996 3564 Dig.
2021 3507 2104 3561 43.
2135 3509 2218 3548 20.
2255 3508 2296 3546 1.
2326 3507 2396 3562 29
2432 3493 2448 3522 ‘
2469 3491 2636 3548 inter-

331 3577 661 3634 trimentum
697 3578 771 3634 ab
807 3596 895 3647 e0‚
921 3578 1075 3649 quod
1106 3578 1219 3634 duo
1245 3596 1391 3649 quae
1418 3578 1563 3633 inter
1588 3595 1650 3632 se
1676 3577 1808 3633 trita
1832 3588 1889 3633 et
1916 3577 2222 3632 deminuta.
2251 3615 2266 3630 .
2293 3575 2326 3632 .’
2371 3575 2639 3632 Isidorus’

332 3662 661 3732 etymolog-y
698 3659 745 3716 is
782 3661 1059 3731 different,
1090 3661 1106 3690 ‘
1125 3660 1487 3717 interdictum
1514 3671 1619 3730 est,
1646 3660 1780 3732 quia
1799 3660 1876 3716 ad
1899 3671 2125 3730 tempus
2153 3659 2377 3716 interim
2403 3659 2607 3715 dicitur
2623 3662 2638 3692 ’

331 3745 472 3814 orig.
507 3757 553 3813 5.
582 3756 663 3814 25.

408 3826 521 3897 §2
562 3827 704 3882 This
728 3827 796 3881 of
822 3845 1022 3884 course
1059 3826 1107 3882 is
1144 3846 1181 3883 a
1218 3828 1460 3884 division
1498 3829 1635 3899 only
1671 3829 1738 3883 of
1768 3830 2110 3898 Possessory
2135 3827 2469 3895 interdicts3
2507 3827 2550 3882 it
2587 3826 2638 3882 is

336 3909 648 3980 ‘sequenS,’
681 3926 745 3963 or
777 3911 1182 3978 subordinate3
1218 3914 1341 3968 that
1378 3912 1499 3967 into
1534 3911 1924 3984 prohibitoria,
1961 3921 2088 3980 etc.‚
2125 3911 2174 3966 is
2213 3911 2497 3968 ‘summa’
2524 3911 2575 3980 (§
2614 3926 2633 3965 1

336 3991 514 4062 supr.)
542 4009 607 4046 or
632 3992 983 4063 ‘principalis
1002 3996 1017 4024 ’
1042 3994 1243 4063 (Gaius
1268 3996 1338 4051 iv.
1365 3996 1511 4067 142).

410 4072 522 4146 §3.
579 4075 705 4130 The
747 4075 1001 4150 formula,
1036 4077 1102 4131 of
1142 4095 1379 4149 quorum
1428 4079 1709 4135 bonorum
1759 4079 1808 4134 is
1870 4077 2038 4149 given
2101 4079 2159 4133 in
2207 4078 2337 4148 Dig.
2379 4094 2463 4147 43.
2510 4093 2557 4132 2.
2611 4093 2632 4133 1

337 4162 351 4189 ‘
370 4177 607 4232 quorum
633 4160 911 4216 bonorum
938 4179 1006 4216 ex
1025 4161 1212 4217 edicto
1232 4180 1361 4217 meo
1378 4162 1455 4217 illi
1482 4163 1770 4232 possessio
1797 4163 1932 4218 data
1956 4173 2061 4232 est,
2088 4164 2240 4234 quod
2260 4164 2333 4217 de
2359 4163 2447 4217 his
2473 4161 2640 4216 bonis

338 4261 440 4315 pro
470 4244 680 4300 herede
718 4253 815 4299 aut
853 4261 955 4316 pro
982 4261 1311 4316 possessore
1334 4246 1613 4316 possideS,
1640 4247 2037 4317 possideresve
2065 4246 2112 4300 si
2138 4246 2278 4301 nihil
2303 4255 2640 4314 usucaptum

338 4337 507 4398 esset,
534 4328 801 4401 quodque
828 4329 963 4383 dolo
986 4330 1139 4383 malo
1172 4328 1355 4385 fecisti
1382 4329 1460 4384 uti
1495 4329 1786 4386 desineres
1821 4328 2131 4400 possidere,
2159 4327 2216 4384 id
2243 4328 2320 4384 illi
2347 4327 2642 4383 restituas)

338 4414 478 4466 Two
514 4411 687 4466 views
727 4428 825 4467 are
862 4411 996 4466 held
1032 4429 1097 4467 as
1135 4421 1194 4467 to
1232 4411 1305 4467 its
1341 4420 1583 4478 nature3
1624 4412 1876 4483 Savigny
1901 4412 2206 4467 maintains
2243 4413 2365 4466 that
2399 4410 2440 4465 it
2467 4427 2582 4464 was
2607 4427 2642 4465 a

339 4494 630 4551 definitive
665 4493 900 4565 remedy
925 4496 1003 4565 by
1026 4494 1211 4550 which
1250 4496 1347 4551 the
1384 4495 1665 4552 bonorum
1702 4511 2000 4567 possessor
2034 4494 2306 4551 obtained
2343 4512 2378 4550 a
2409 4493 2644 4564 judicial

338 4581 689 4656 recognition
725 4583 792 4642 of
818 4582 908 4640 his
944 4582 1067 4641 title
1103 4601 1167 4641 as
1204 4581 1526 4656 praetorian
1562 4583 1703 4656 heir,
1729 4583 1895 4642 while
1931 4593 2082 4640 most
2119 4583 2284 4640 other
2318 4580 2531 4638 writers
2565 4597 2643 4638 on

1434 4679 1567 4758 Ως.
