3230 5116
429 413 538 472 Ἧι.
569 415 644 484 8.]
819 411 1132 487 QUIBUS
1167 412 1620 469 ALIENARE
1660 413 1916 470 LICET
1962 415 2116 471 VEL
2160 417 2362 472 NON.
2612 423 2737 490 227

434 579 743 644 libertate
801 599 954 644 cum
1014 579 1254 646 effectu
1314 579 1719 664 procedente
1773 577 1988 665 (cuius
2034 579 2257 644 favore
2308 590 2376 646 et
2428 579 2741 664 antiquos

435 683 848 767 legislatores
877 684 1091 748 multa
1111 694 1183 749 et
1211 695 1444 750 contra
1473 704 1862 748 communes
1898 682 2162 768 regulas
2192 685 2501 748 statuisse
2532 686 2740 749 mani-

431 786 863 852 festissimum
894 785 1028 874 est)
1057 798 1126 852 et
1156 809 1236 853 eo
1264 789 1380 871 qui
1419 808 1568 852 eam
1613 789 1931 870 imposuit
1972 809 2132 852 suae
2161 787 2573 852 liberalitatis
2604 797 2738 852 sta-

433 889 694 954 bilitate
751 892 1088 974 gaudente
1148 902 1218 956 et
1277 891 1455 956 socio
1515 890 1809 956 indemni
1869 901 2259 956 conservato
2317 891 2738 974 pretiumque

433 995 602 1058 servi
647 994 1014 1059 secundum
1055 1005 1313 1078 partem
1360 995 1657 1074 dominii,
1704 997 1885 1079 quod
1932 1015 2053 1059 nos
2088 981 2525 1073 definivimus,
2563 994 2734 1059 acci-

429 1097 678 1180 piente.

1485 1225 1686 1294 VIII.

891 1405 1170 1469 QUIBUS
1215 1403 1598 1455 ALIENARE
1646 1404 1867 1456 LICET
1907 1405 2053 1455 VEL
2099 1405 2279 1457 NON.

519 1551 788 1618 Accidit
823 1552 1202 1637 aliquandO,
1244 1563 1320 1618 ut
1366 1554 1481 1636 qui
1526 1553 1836 1619 dominus
1885 1553 1971 1619 sit
2012 1555 2299 1620 alienare
2350 1576 2482 1620 non
2523 1555 2733 1639 possit

430 1665 500 1719 et
560 1664 808 1735 contra,
868 1657 982 1738 qui
1043 1658 1352 1721 dominus
1413 1678 1547 1722 non
1602 1657 1689 1721 sit
1740 1657 2133 1723 alienandae
2185 1659 2275 1723 rei
2324 1667 2731 1742 potestatem

430 1757 696 1824 habeat.
806 1781 960 1824 nam
1010 1761 1232 1825 dotale
1286 1762 1633 1844 praedium
1695 1762 1971 1826 maritus
2022 1763 2230 1827 invita
2282 1761 2557 1827 muliere
2614 1781 2733 1846 per

429 1861 646 1945 legem
701 1861 942 1927 Iuliam
995 1864 1384 1947 prohibetur
1430 1864 1737 1943 alienare,
1793 1868 2094 1949 quamvis
2154 1865 2359 1949 ipsius
2418 1868 2505 1930 sit
2553 1865 2731 1929 dotis

427 1987 627 2031 causa
692 1969 752 2031 ei
819 1970 1072 2034 datum.
1195 1969 1376 2053 quod
1437 1990 1558 2044 nos
1618 1967 1838 2052 legem
1902 1970 2141 2034 Iuliam
2202 1969 2603 2053 corrigentes
2663 1970 2731 2031 in

429 2070 770 2136 meliorem
802 2081 1051 2136 statum
1097 2072 1522 2137 deduximus,
1612 2094 1765 2137 cum
1809 2075 1986 2137 enim
2026 2072 2140 2136 lex
2182 2073 2248 2136 in
2280 2072 2403 2136 soli
2435 2080 2730 2137 tantum-

429 2175 632 2238 modo
675 2177 872 2239 rebus
909 2174 1128 2240 locum
1174 2175 1486 2253 habebat,
1534 2197 1708 2260 quae
1751 2176 2023 2241 Italicae
2057 2175 2339 2254 fuerant,
2376 2187 2444 2241 et
2484 2175 2730 2240 aliena-

427 2277 643 2342 tiones
713 2278 1057 2344 inhibebat
1120 2301 1295 2362 quae
1359 2280 1568 2346 invita
1634 2280 1907 2344 muliere
1977 2279 2246 2356 fiebant,
2316 2279 2730 2363 hypothecas

425 2390 654 2445 autem
685 2401 912 2445 earum
945 2383 1146 2446 etiam
1176 2384 1485 2448 volente:
1533 2383 1831 2466 utrisque
1865 2384 2233 2448 remedium
2271 2381 2726 2466 imposuimus,

427 2493 502 2548 ut
539 2484 741 2547 etiam
803 2485 869 2546 in
931 2506 1043 2548 eas
1104 2507 1223 2566 reS,
1277 2508 1451 2570 quae
1511 2487 1579 2550 in
1635 2486 2015 2571 provinciali
2071 2486 2214 2551 solo
2260 2488 2519 2571 positae
2554 2494 2727 2565 sunt,

423 2588 774 2653 interdicta
806 2588 923 2653 fiat
953 2589 1264 2655 alienatio
1293 2591 1400 2655 vel
1442 2590 1764 2675 obligatio
1803 2600 1873 2657 et
1906 2601 2214 2656 neutrum
2250 2611 2479 2655 eorum
2512 2610 2729 2673 neque

425 2692 986 2756 consentientibus
1039 2693 1421 2759 mulieribus
1467 2694 1805 2778 procedat,
1852 2714 1936 2759 ne
1982 2716 2185 2759 sexus
2227 2693 2564 2758 muliebris
2598 2693 2728 2757 fra-

432 2960 508 3001 12.
539 2960 582 3014 1,
607 2946 723 3001 and
747 2946 834 3002 for
857 2946 1184 3017 Justinian's
1211 2947 1430 3017 change
1457 2947 1596 3003 eod.
1626 2960 1678 3015 7.
1704 2962 1755 3016 7.
1792 2949 1953 3004 With
1978 2948 2137 3003 cuius
2160 2948 2353 3003 favore
2378 2957 2434 3002 et
2460 2944 2725 3016 antiquos

425 3028 774 3099 legislatores
817 3040 922 3085 etc.
965 3030 1035 3085 cf.
1072 3030 1204 3099 Dig.
1240 3045 1330 3096 40.
1358 3041 1404 3100 5.
1450 3046 1537 3097 24.
1569 3046 1636 3085 1o
1670 3032 1685 3059 ‘
1703 3031 1881 3087 multa
1922 3041 2121 3085 contra
2163 3030 2297 3086 iuris
2340 3028 2587 3098 rigorem
2622 3043 2726 3097 pro

423 3110 681 3167 libertate
701 3122 830 3167 sunt
853 3112 1194 3179 constituta,'
1219 3124 1305 3182 35.
1326 3128 1370 3167 2.
1391 3126 1474 3181 32.
1497 3127 1524 3183 5
1547 3112 1738 3168 ‘favor
1760 3113 2035 3168 libertatis
2052 3154 2066 3168 .
2094 3154 2109 3168 .
2138 3152 2153 3167 .
2170 3129 2344 3183 saepe
2362 3109 2725 3179 benigniores

423 3194 736 3250 sententias
760 3195 1053 3265 exprimit!
1126 3197 1214 3265 By
1239 3195 1591 3265 legislatores
1618 3213 1803 3251 seems
1830 3206 1889 3251 to
1915 3196 1987 3251 be
2011 3205 2205 3251 meant
2229 3198 2326 3251 the
2344 3194 2556 3265 jurists.

493 3280 614 3334 Ἧι.
636 3281 821 3334 VIII.
858 3280 974 3333 For
1009 3280 1107 3333 the
1139 3278 1450 3334 anomalies
1483 3278 1817 3335 mentioned
1845 3280 1980 3335 here
2005 3281 2073 3335 cfi
2103 3280 2341 3349 Seneca,
2364 3277 2549 3333 benef.
2577 3288 2625 3343 7.
2660 3289 2723 3329 12

425 3360 440 3387 ⁸
455 3376 570 3414 non
591 3370 677 3416 est
703 3371 1054 3431 argumente,
1076 3361 1207 3416 ideo
1232 3362 1449 3433 aliquid
1475 3372 1633 3417 tuum
1661 3379 1775 3417 non
1802 3380 1946 3432 esse,
1967 3361 2101 3434 quia
2118 3363 2365 3418 vendere
2388 3377 2504 3416 non
2528 3360 2725 3431 potes,’

423 3442 554 3513 Dig.
573 3458 660 3509 41.
685 3459 727 3499 1.
745 3444 816 3510 46
836 3443 851 3473 ‘
866 3461 981 3498 non
1002 3453 1088 3499 est
1109 3461 1335 3512 novum,
1352 3456 1430 3515 ut,
1453 3444 1546 3517 qui
1568 3445 1883 3501 dominium
1908 3463 2023 3501 non
2050 3446 2274 3516 habeat,
2294 3443 2389 3500 alii
2409 3440 2723 3499 dominium

419 3526 726 3596 praebeat,'
764 3526 881 3583 Cic.
911 3544 1015 3598 pro
1041 3528 1224 3583 Balbo
1257 3542 1320 3596 13
1359 3528 1762 3584 ‘fundamenta
1800 3527 2128 3584 firmissima
2164 3538 2393 3585 nostrae
2430 3525 2723 3595 libertatiS,

420 3610 508 3665 sui
546 3626 828 3681 quemque
865 3610 1002 3666 iuris
1037 3620 1094 3666 et
1130 3610 1412 3666 retinendi
1447 3620 1503 3666 et
1541 3610 1864 3668 dimittendi
1904 3629 2032 3667 esse
2072 3611 2400 3680 dominum,’
2436 3610 2550 3665 Tit.
2582 3624 2624 3665 1.
2651 3624 2725 3677 40

419 3708 574 3763 supr.
607 3694 724 3748 and
762 3693 894 3763 Dig.
925 3707 1006 3763 50.
1041 3707 1118 3761 17.
1151 3707 1217 3763 54
1259 3693 1463 3749 ‘nemo
1503 3694 1633 3764 plus
1679 3693 1813 3749 iuris
1854 3694 1913 3749 in
1956 3695 2131 3750 alium
2173 3696 2476 3751 transferre
2516 3702 2723 3764 potest,

418 3791 592 3846 quam
629 3776 752 3846 ipse
790 3777 1059 3833 haberet!

492 3860 616 3915 ΤΙιε
657 3861 746 3915 lex
790 3860 936 3915 Iulia
972 3877 1088 3916 was
1125 3860 1248 3915 that
1286 3860 1352 3914 of
1379 3860 1687 3931 Augustus,
1726 3861 1799 3917 de
1834 3861 2141 3931 adulteriis»,
2170 3861 2323 3916 Paul.
2363 3868 2508 3915 sent.
2532 3876 2645 3915 rec.
2672 3873 2721 3914 2.

421 3956 484 3996 21
509 3943 567 3996 b.
593 3958 639 3997 2.
719 3944 786 3997 In
820 3944 920 3997 the
961 3942 1100 3999 time
1137 3943 1202 3997 of
1233 3943 1411 3998 Gaius
1447 3944 1524 4014 (ii.
1551 3944 1647 4014 63)
1681 3944 1723 3999 it
1761 3945 1879 4001 had
1916 3946 2064 4002 been
2106 3944 2359 4001 doubted
2390 3944 2643 3999 whether
2678 3942 2726 3997 it

419 4025 649 4095 applied
671 4034 733 4081 to
756 4026 992 4096 praedia
1015 4026 1398 4097 provincialia.

493 4107 730 4164 Besides
766 4110 867 4164 the
909 4126 1070 4164 cases
1112 4108 1443 4165 mentioned
1484 4110 1542 4165 in
1581 4111 1680 4166 the
1720 4120 1855 4181 text,
1898 4110 2205 4167 alienation
2244 4126 2360 4166 was
2398 4108 2721 4180 prohibited

420 4188 592 4260 (1)of
618 4209 709 4246 res
746 4190 1010 4261 litigiosa,
1031 4200 1303 4263 property
1336 4192 1518 4247 which
1557 4210 1673 4247 was
1714 4195 1811 4248 the
1850 4194 2070 4265 subject
2106 4195 2173 4249 of
2202 4212 2239 4250 a
2280 4194 2397 4248 real
2429 4191 2619 4247 action
2659 4208 2724 4245 or

419 4272 688 4328 iudicium
726 4274 1074 4343 divisoriam,
1108 4277 1257 4330 Nov.
1290 4290 1401 4330 112.
1439 4290 1458 4330 1
1493 4296 1507 4343 3
1545 4275 1624 4345 (2)
1663 4276 1729 4330 of
1758 4276 2134 4333 immoveable
2170 4287 2435 4348 property
2478 4276 2723 4343 forming

415 4366 542 4426 part
567 4357 634 4411 of
653 4374 690 4412 a
715 4357 952 4413 donatio
987 4368 1218 4429 propter
1253 4358 1481 4429 nuptias
1506 4374 1572 4413 or
1595 4358 1903 4429 belonging
1938 4370 1999 4414 to
2031 4360 2296 4430 religious
2321 4376 2386 4414 or
2410 4358 2721 4415 charitable

415 4438 821 4507 foundations3
867 4439 948 4509 (3)
996 4441 1062 4495 of
1092 4440 1376 4511 peculium
1419 4440 1794 4496 adventitium
1834 4441 2069 4498 without
2106 4443 2205 4498 the
2244 4452 2481 4498 consent
2526 4441 2591 4495 of
2623 4439 2721 4495 the

413 4522 839 4592 paterfamilias.
916 4524 1042 4581 The
1067 4524 1234 4581 effect
1259 4524 1323 4580 os
1341 4541 1415 4580 an
1441 4523 1749 4581 alienation
1774 4525 2074 4583 forbidden
2099 4526 2177 4596 by
2200 4526 2307 4583 law
2331 4525 2379 4581 is
2404 4524 2507 4581 nil.

1509 4625 1631 4691 Q2
