3230 5116
530 376 658 460 526
935 385 1640 443 INSTJTUTIONUM
1672 386 1912 441 LIBRI
1950 384 2421 457 QUATTUOR.
2592 386 2727 452 [ub.
2748 390 2847 442 xv,

531 550 810 630 videtur,
855 552 1028 616 actio
1074 552 1307 617 datur:
1349 553 1554 616 iudex
1601 551 1777 615 enim
1822 562 2208 635 computare
2249 552 2451 617 debet
2492 550 2845 616 mercedes

537 656 812 719 medicis
841 656 1190 737 praestitas
1223 668 1572 739 ceteraque
1601 656 1957 738 impendia,
1989 676 2161 738 quae
2198 657 2262 720 in
2293 657 2627 721 curatione
2656 655 2845 717 facta

536 768 706 833 sunt,
753 769 1094 843 praeterea
1137 781 1505 843 operarum,
1543 760 1780 843 quibus
1825 761 2033 825 caruit
2076 770 2196 823 aut
2237 760 2556 825 cariturus
2601 768 2703 821 est
2748 758 2845 821 ob

477 869 512 925 2
541 860 606 923 id
639 862 816 944 quod
857 862 1104 927 inutilis
1149 863 1362 928 sactus
1395 873 1514 928 est.
1607 863 1681 928 Si
1718 863 1891 927 filius
1930 862 2211 927 familias
2254 883 2547 926 seorsum
2578 883 2619 926 a
2648 872 2848 945 patre

537 962 933 1030 habitaverit
977 978 1046 1031 et
1089 968 1249 1049 quid
1294 990 1384 1032 ex
1428 967 1742 1033 cenaculo
1783 969 1923 1031 eius
1967 966 2299 1031 deiectum
2339 965 2705 1029 effusumve
2732 966 2845 1039 sit,

539 1068 679 1131 sive
730 1069 893 1151 quid
945 1071 1236 1153 positum
1291 1091 1765 1155 suspensumve
1816 1070 2142 1146 habuerit,
2192 1071 2375 1133 euius
2428 1090 2619 1133 casus
2670 1069 2849 1150 peri-

540 1173 806 1237 culosus
838 1183 975 1238 est:
1024 1175 1282 1240 Iuliano
1318 1177 1566 1259 placuit
1609 1178 1677 1239 in
1718 1186 1978 1259 patrem
2020 1174 2271 1237 nullam
2312 1195 2457 1238 esse
2492 1174 2849 1249 actionem,

541 1276 659 1339 sed
693 1296 844 1340 cum
891 1278 1035 1361 ipso
1080 1278 1214 1343 filio
1257 1280 1611 1364 agendum.
1687 1279 1867 1361 quod
1915 1288 1984 1343 et
2028 1280 2097 1342 in
2140 1278 2277 1341 filio
2314 1276 2599 1341 familias
2628 1278 2851 1340 iudice

545 1598 658 1653 quo
683 1583 852 1651 vulgo
877 1581 983 1637 iter
1008 1582 1119 1651 fiet,
1145 1584 1234 1638 vel
1267 1581 1326 1637 in
1352 1600 1466 1654 quo
1491 1582 1847 1652 consistetur,
1873 1582 2155 1638 deiectum
2182 1584 2269 1637 vel
2294 1582 2534 1637 effusum
2560 1582 2699 1653 quid
2722 1581 2852 1649 erit,

546 1674 819 1736 quantum
869 1682 938 1720 ex
987 1682 1057 1721 ea
1103 1684 1165 1721 re
1214 1666 1490 1721 damnum
1535 1666 1735 1721 datum
1792 1667 2075 1721 factumve
2131 1666 2254 1734 erit,
2304 1665 2361 1720 in
2414 1683 2563 1735 eum,
2613 1666 2709 1736 qui
2770 1664 2851 1718 ibi

547 1748 900 1817 habitaverit,
938 1748 995 1803 in
1033 1750 1268 1819 duplum
1307 1750 1576 1804 iudicium
1613 1750 1794 1805 dabo'
1832 1750 1965 1819 Dig.
1991 1765 2041 1819 9.
2066 1764 2115 1818 3.
2149 1764 2193 1804 1.
2216 1766 2300 1821 pr.
2374 1750 2499 1805 The
2536 1749 2725 1803 action
2765 1748 2855 1801 for

547 1832 645 1887 the
669 1848 938 1901 recovery
961 1833 1027 1887 of
1044 1834 1141 1890 the
1166 1835 1398 1903 penalty
1416 1850 1530 1888 was
1555 1832 1843 1903 popularis
1870 1832 1960 1901 (cf.
1991 1833 2096 1889 Bk.
2121 1832 2157 1888 i.
2186 1832 2270 1887 26.
2299 1847 2330 1901 3
2356 1834 2471 1887 and
2494 1843 2647 1899 note,
2674 1830 2853 1901 supr.)

548 1915 599 1969 is
626 1916 722 1971 the
748 1915 967 1972 offence
991 1916 1242 1972 resulted
1277 1917 1334 1971 in
1370 1917 1469 1972 the
1505 1916 1679 1972 death
1707 1916 1772 1971 of
1799 1933 1836 1971 a
1870 1916 1987 1971 free
2012 1916 2234 1970 man—-‘
2250 1916 2561 1970 dummodo
2586 1914 2854 1981 sciamus,

547 2016 618 2055 ex
636 2000 888 2070 pluribus
908 2000 1361 2057 desiderantibus
1379 2000 1522 2055 haec
1547 2000 1831 2056 actionem
1850 1998 1903 2055 ei
1924 1999 2279 2070 potissimum
2300 2000 2421 2053 dari
2441 2000 2666 2063 debere,
2692 1998 2855 2053 cuius

551 2083 801 2153 interest,
821 2085 910 2139 vel
927 2084 1021 2155 qui
1043 2085 1335 2140 adfinitate
1355 2083 1766 2154 cognationeve
1785 2083 2113 2138 defunctum
2134 2083 2409 2152 contingit
2425 2084 2439 2110 ²
2465 2083 2597 2152 Dig.
2616 2082 2689 2137 ib.
2715 2095 2761 2151 5.
2785 2096 2813 2151 5
2838 2103 2855 2147 ;

533 2167 666 2223 ·1ike
692 2167 859 2238 penal
884 2168 1103 2224 actions
1141 2168 1197 2222 in
1235 2168 1482 2238 general,
1509 2167 1550 2221 it
1576 2184 1691 2221 was
1727 2176 1825 2221 not
1856 2164 2141 2237 passively
2164 2165 2592 2233 transmissible‚
2617 2165 2731 2219 and
2758 2166 2854 2219 the

551 2250 690 2305 time
727 2250 920 2306 within
960 2250 1142 2305 which
1182 2250 1222 2306 it
1259 2250 1428 2305 could
1465 2251 1536 2305 be
1573 2250 1817 2321 brought
1854 2266 1965 2303 was
2002 2248 2223 2304 limited
2258 2260 2318 2305 to
2354 2266 2389 2303 a
2426 2266 2573 2318 year.
2649 2250 2702 2302 A
2736 2248 2855 2302 free

555 2350 688 2387 man
727 2334 852 2389 who
891 2352 1005 2389 was
1042 2336 1176 2403 only
1211 2334 1432 2404 injured
1474 2334 1642 2388 could
1686 2350 1787 2388 sue
1834 2342 1892 2387 at
1930 2350 2044 2402 any
2078 2332 2272 2401 length
2308 2333 2375 2387 of
2402 2332 2538 2387 time
2574 2332 2720 2386 from
2756 2332 2857 2386 the

555 2432 909 2484 occurrence,
937 2416 1050 2471 and
1089 2418 1147 2471 in
1184 2419 1325 2471 such
1357 2434 1520 2472 cases
1551 2418 1649 2471 the
1679 2416 1868 2471 action
1894 2433 2080 2472 seems
2105 2416 2229 2471 also
2254 2424 2312 2471 to
2336 2416 2482 2471 have
2506 2416 2652 2471 been
2676 2432 2856 2486 popu-

555 2498 689 2553 laris
714 2499 800 2553 for
824 2517 860 2553 a
895 2518 1032 2570 year
1057 2520 1068 2555 :
1103 2500 1118 2528 ‘
1134 2502 1236 2555 sed
1273 2502 1320 2555 si
1359 2501 1536 2555 libero
1561 2500 1814 2555 nocitum
1838 2510 1943 2569 est,
1970 2500 2077 2571 ipsi
2102 2511 2376 2571 perpetua
2398 2499 2502 2554 erit
2528 2499 2678 2554 actio
2700 2520 2715 2566 3
2752 2498 2857 2553 sed

557 2582 606 2637 si
649 2583 792 2638 alius
833 2585 967 2640 velit
1015 2585 1251 2655 experiri
1297 2603 1488 2641 annua
1529 2585 1635 2640 erit
1675 2586 1816 2639 haec
1853 2583 2020 2652 acti0‚
2058 2601 2163 2639 nec
2207 2583 2360 2638 enim
2396 2584 2700 2638 heredibus
2734 2582 2859 2638 iure

556 2666 898 2721 hereditario
940 2669 1227 2738 competit,
1263 2669 1473 2740 quippe
1515 2668 1668 2742 quod
1706 2667 1764 2723 in
1801 2685 2035 2738 corpore
2071 2667 2250 2721 libero
2286 2667 2479 2721 damni
2518 2667 2698 2734 datur,
2736 2666 2858 2720 iure

555 2749 898 2806 hereditario
934 2752 1173 2807 transire
1215 2753 1291 2806 ad
1334 2769 1691 2807 successores
1734 2769 1848 2806 non
1893 2750 2080 2820 debet,
2122 2750 2285 2821 quasi
2320 2767 2437 2805 non
2474 2750 2547 2806 sit
2586 2751 2859 2804 damnum

554 2834 958 2906 pecuniarium,
985 2853 1120 2892 narn
1145 2854 1215 2892 ex
1237 2837 1390 2890 bono
1417 2845 1472 2891 et
1497 2852 1683 2906 aequo
1708 2835 1911 2890 oritur'
1938 2835 2070 2905 Dig.
2097 2836 2203 2890 loc.
2229 2834 2322 2889 cit.

631 2919 690 2973 1f
707 2920 804 2975 the
830 2921 1094 2991 occupier
1117 2921 1184 2974 of
1199 2921 1295 2975 the
1321 2922 1498 2975 house
1517 2936 1663 2974 were
1688 2929 1810 2974 cast
1834 2918 1891 2973 in
1917 2935 1991 2974 an
2017 2918 2167 2973 actio
2188 2918 2261 2974 de
2278 2917 2473 2973 effusis
2492 2918 2581 2972 vel
2607 2915 2860 2982 deiectiS,

559 3001 633 3058 he
658 3005 824 3058 could
849 3021 1080 3060 recover
1105 3004 1181 3073 by
1205 3003 1355 3058 actio
1381 3003 1438 3058 in
1463 3003 1677 3058 factum
1711 3002 1855 3056 from
1883 3004 1981 3057 the
2007 3003 2194 3057 actual
2220 3002 2547 3073 delinquent
2572 3003 2761 3056 unless
2784 3000 2860 3054 he

564 3103 709 3141 were
745 3088 835 3143 his
873 3089 1029 3144 slave
1063 3106 1128 3142 or
1165 3085 1573 3154 filiusfamilias,
1599 3084 1657 3140 in
1686 3085 1869 3140 which
1906 3103 2039 3141 case
2076 3087 2147 3141 he
2186 3085 2355 3141 could
2386 3087 2605 3156 usually
2628 3103 2741 3156 pay
2762 3086 2863 3140 the

567 3169 841 3240 dasnages
867 3172 1011 3226 from
1037 3173 1134 3227 the
1157 3170 1444 3242 peculium
1470 3169 1605 3238 Dig.
1633 3168 1707 3224 ib.
1738 3181 1784 3238 5.
1809 3185 1861 3236 4.

635 3253 750 3308 For
785 3255 883 3308 the
924 3254 1074 3310 actio
1117 3253 1286 3324 positi
1337 3263 1432 3309 aut
1481 3252 1743 3323 suspensi
1780 3253 1851 3307 cf.
1894 3252 2023 3323 Dig.
2064 3267 2115 3322 9.
2145 3269 2192 3322 3.
2228 3253 2327 3323 5—6
2365 3253 2621 3324 ‘praetor
2657 3251 2751 3320 ait,
2788 3267 2863 3306 ne

561 3336 686 3407 quis
725 3336 782 3390 in
821 3338 1147 3406 suggrunda
1182 3347 1508 3407 protectove
1545 3353 1717 3406 supra
1752 3353 1880 3390 eum
1921 3337 2125 3405 locum,
2152 3354 2264 3408 quo
2290 3338 2458 3407 vulgo
2484 3337 2588 3391 iter
2616 3336 2708 3390 fiet
2734 3335 2863 3388 inve

563 3437 676 3491 quo
713 3420 1066 3489 consistetur,
1105 3420 1165 3475 id
1202 3419 1450 3491 positum
1486 3419 1714 3488 habeat,
1746 3419 1903 3474 cuius
1943 3437 2108 3474 casus
2146 3437 2351 3475 nocere
2388 3419 2477 3474 cui
2514 3419 2731 3490 possit;
2768 3417 2861 3488 qui

563 3503 834 3557 adversus
861 3521 931 3558 ea
955 3503 1165 3571 fecerit,
1194 3503 1251 3557 in
1277 3520 1408 3558 eum
1447 3501 1757 3557 solidorum
1794 3502 1993 3557 decem
2029 3502 2088 3557 in
2126 3503 2338 3558 factum
2375 3501 2644 3557 iudicium
2682 3501 2865 3555 dabo?

564 3586 689 3639 The
715 3586 903 3640 action
930 3603 1043 3641 was
1069 3586 1373 3656 populariS‚
1402 3585 1533 3654 Dig.
1562 3585 1638 3640 ib.
1666 3599 1743 3654 13,
1765 3586 1880 3640 and
1905 3586 1977 3640 its
2004 3586 2207 3656 object,
2228 3585 2454 3641 besides
2480 3587 2578 3641 the
2602 3599 2867 3652 recovery

564 3668 632 3721 of
657 3669 756 3723 the
792 3670 1039 3738 penalty,
1075 3687 1192 3723 was
1229 3670 1326 3724 the
1367 3669 1621 3723 removal
1660 3670 1727 3722 of
1757 3669 1856 3724 the
1900 3668 2133 3738 danger,
2170 3669 2271 3724 i.e.
2319 3668 2360 3723 it
2397 3669 2489 3738 lay
2527 3668 2718 3723 before
2754 3683 2868 3735 any

568 3751 812 3820 damage
838 3769 952 3806 was
979 3753 1224 3820 actually
1248 3752 1414 3806 done.

639 3831 666 3903 ξ
696 3836 751 3888 2.
797 3836 863 3888 In
907 3833 1020 3889 this
1065 3851 1195 3889 case
1239 3849 1315 3888 no
1353 3832 1542 3888 action
1587 3833 1872 3888 whatever
1914 3833 2081 3888 could
2117 3834 2191 3889 be
2224 3833 2472 3903 brought
2511 3832 2733 3904 against
2772 3832 2870 3886 the

570 3927 734 3988 pater
757 3917 814 3971 in
841 3919 938 3972 the
966 3917 1084 3972 first
1104 3917 1376 3984 instance,
1404 3915 1612 3986 ‘neque
1632 3915 1705 3970 de
1724 3917 1946 3986 peculio
1965 3934 2151 3988 neque
2177 3918 2462 3972 noxalem'
2490 3917 2621 3987 Dig.
2646 3931 2733 3983 44.
2750 3927 2797 3983 7.
2824 3928 2873 3985 5.

575 4012 622 4069 5,
649 3999 754 4054 ‘de
793 3999 1014 4069 peculio
1049 4016 1164 4053 non
1203 3998 1384 4067 datur,
1423 3998 1558 4069 quia
1590 4016 1707 4053 non
1746 4017 1813 4054 ex
1850 4010 2144 4057 contractu
2182 4000 2365 4056 venit’
2404 4001 2536 4070 Dig.
2575 4016 2623 4069 9.
2665 4016 2717 4068 3.
2749 4015 2793 4054 1.
2821 4011 2867 4066 7.

574 4085 685 4138 But
712 4082 760 4136 if
783 4083 1081 4153 judgment
1108 4099 1252 4138 were
1277 4082 1583 4138 recovered
1620 4083 1845 4152 against
1881 4085 1979 4138 the
2017 4083 2407 4138 filiusfamilias
2442 4085 2539 4138 the
2574 4093 2734 4153 pater
2758 4099 2874 4136 was

570 4167 739 4222 liable
779 4175 837 4220 to
875 4167 970 4221 the
1008 4165 1157 4222 actio
1195 4165 1444 4235 iudicati,
1467 4166 1583 4222 and
1609 4175 1761 4222 must
1785 4183 1899 4236 pay
1923 4178 1983 4221 to
2008 4168 2105 4222 the
2130 4177 2321 4222 extent
2347 4167 2414 4221 of
2429 4167 2525 4222 the
2550 4166 2829 4236 peculium
2859 4183 2875 4228 ;

574 4260 631 4305 at
657 4251 800 4305 least
817 4249 930 4306 this
950 4266 1064 4303 was
1085 4250 1180 4304 the
1205 4251 1324 4304 rule
1349 4249 1407 4303 in
1434 4250 1635 4306 delicts
1655 4267 1896 4321 proper:
1935 4250 1950 4279 ‘
1970 4251 2232 4322 quotiens
2258 4267 2429 4305 nemo
2455 4247 2874 4305 filiumfamilias

574 4351 644 4389 ex
687 4351 862 4389 causa
901 4331 1090 4388 delicti
1133 4332 1406 4402 defendit,
1447 4332 1504 4388 in
1543 4352 1675 4390 eum
1716 4333 1987 4390 iudicium
2031 4334 2233 4402 datur;
2276 4344 2333 4390 et
2374 4334 2421 4388 si
2465 4334 2876 4389 condemnatus

521 4417 528 4426 '
575 4416 756 4487 fuerit,
802 4416 948 4472 filius
998 4415 1307 4472 iudicatum
1356 4417 1543 4473 facere
1592 4419 1781 4486 debet,
1826 4427 1981 4472 tenet
2030 4417 2183 4472 enim
2233 4416 2649 4472 condemnati&
2726 4415 2876 4485 Quin

576 4499 752 4556 immo
789 4500 962 4556 etiam
1001 4499 1138 4556 illud
1175 4499 1480 4556 dicendum
1517 4510 1621 4571 est,
1661 4511 1880 4572 patrem
1916 4517 2141 4572 quoque
2178 4512 2307 4572 post
2344 4499 2878 4556 condemnationem
