3230 5116
420 451 518 498 Tit.
546 443 648 508 αα]
1298 441 1421 497 DE
1460 441 1575 496 LE
1579 440 1686 496 GA
1701 441 1849 497 TIS.
2596 447 2721 519 293

419 617 737 684 inutiliter
776 615 1121 700 legabatur
1161 625 1228 680 et
1262 609 1683 681 adimebatur
1711 615 1816 679 vel
1847 614 2380 682 transferebatur.
2470 637 2723 700 poenae
2750 613 2755 618 ”

418 731 643 786 autem
699 721 964 784 nomine
1016 720 1218 804 legari
1268 719 1546 797 videtur,
1594 721 1776 801 quod
1824 721 2168 784 coercendi
2217 720 2477 784 heredis
2522 742 2719 786 causa

419 825 817 907 relinquitur,
847 845 979 906 quo
1011 824 1224 905 magis
1266 823 1322 886 is
1357 823 1604 906 aliquid
1651 823 1850 888 saciat
1895 832 2015 887 aut
2060 844 2193 887 non
2232 823 2474 890 saciat:
2518 825 2719 905 velut,

417 929 471 990 si
515 930 662 1010 quis
711 929 805 992 ita
856 927 1230 1008 scripserit:
1279 926 1506 989 ‘heres
1558 947 1745 990 meus
1792 927 1847 990 si
1895 926 2100 990 filiam
2147 948 2337 991 suam
2381 930 2449 991 in
2497 930 2723 994 matri-

419 1034 714 1096 monium
754 1031 938 1096 Titio
984 1027 1439 1096 collocaverit'
1489 1027 1623 1116 (vel
1676 1051 1765 1094 ex
1816 1032 2078 1096 diverso
2132 1033 2224 1094 ‘si
2270 1051 2403 1096 non
2441 1033 2721 1098 colloca-

414 1133 646 1223 verit)‚'
677 1138 881 1202 ‘dato
926 1137 1160 1200 decem
1206 1156 1440 1200 aureos
1484 1131 1682 1215 Sei0‚’
1718 1146 1835 1199 aut
1879 1137 1933 1198 si
1978 1137 2072 1202 ita
2116 1137 2446 1219 scripserit
2492 1148 2506 1172 ‘
2532 1137 2723 1204 heres

419 1260 605 1304 meus
648 1240 704 1303 si
742 1261 1002 1304 servum
1036 1238 1345 1304 Stichum
1386 1235 1810 1303 alienaverit’
1841 1236 1973 1325 (vel
1997 1262 2107 1304 -ex
2149 1241 2406 1306 diverso
2449 1243 2542 1306 ‘si
2588 1262 2721 1305 non

415 1341 862 1428 alienaverit),'
908 1346 923 1375 ‘
949 1343 1133 1408 Titio
1179 1345 1413 1408 decem
1458 1363 1694 1406 aureos
1739 1341 1936 1408 dat0.’
2024 1354 2092 1408 et
2138 1343 2204 1406 in
2250 1354 2511 1408 tantum
2555 1345 2720 1410 haec

417 1449 642 1530 regula
671 1448 1163 1524 observabatur,
1197 1459 1272 1512 ut
1301 1467 1624 1530 perquam
1653 1447 1950 1530 pluribus
1981 1448 2448 1531 principalibus
2479 1451 2720 1514 consti-

415 1553 780 1616 tutionibus
821 1552 1226 1635 significetur
1261 1572 1381 1615 nec
1418 1553 1781 1634 principem
1823 1553 2092 1636 quidem
2134 1573 2505 1636 agnoscere,
2537 1556 2719 1638 quod

416 1657 474 1719 ei
505 1676 762 1740 poenae
794 1659 1062 1720 nomine
1099 1657 1394 1739 legatum
1427 1658 1533 1720 sit.
1624 1677 1744 1720 nec
1790 1679 1879 1720 ex
1926 1657 2155 1723 militis
2200 1659 2471 1740 quidem
2517 1668 2721 1724 testa·

417 1772 642 1824 mento
673 1761 833 1826 talia
864 1760 1086 1842 legata
1113 1761 1450 1836 valebant,
1480 1761 1785 1842 quamvis
1824 1759 1994 1824 aliae
2023 1761 2309 1840 militum
2340 1762 2717 1828 voluntates

413 1864 480 1926 in
524 1865 907 1928 ordinandis
943 1866 1360 1928 testamentis
1396 1863 1592 1927 valde
1626 1863 2079 1928 observantur.
2168 1867 2329 1946 quin
2360 1865 2561 1930 etiam
2592 1886 2715 1930 nec

413 1966 789 2032 libertatem
842 1988 1100 2049 poenae
1143 1968 1408 2031 nomine
1455 1967 1598 2030 dari
1643 1987 1839 2049 posse
1887 1967 2214 2050 placebat.
2301 1989 2381 2031 eo
2432 1968 2718 2050 amplius

415 2092 535 2136 nec
579 2072 894 2136 heredem
935 2092 1191 2154 poenae
1221 2073 1490 2136 nomine
1519 2072 1691 2135 adici
1720 2091 1914 2153 posse
1946 2069 2231 2137 Sabinus
2264 2072 2713 2147 existimabat,

409 2175 612 2240 veluti
661 2177 714 2240 si
759 2176 906 2258 quis
952 2177 1046 2239 ita
1082 2176 1302 2240 dicat:
1352 2174 1606 2239 ‘Titius
1650 2175 1841 2239 heres
1894 2186 2083 2240 esto:
2145 2176 2200 2238 si
2245 2175 2464 2238 Titius
2510 2174 2714 2240 filiam

411 2299 600 2342 suam
649 2279 806 2345 Seio
843 2281 908 2343 in
957 2281 1450 2344 matrimonium
1498 2279 1933 2358 collocaverit,
1980 2279 2174 2343 Seius
2218 2301 2484 2364 quoque
2529 2278 2716 2345 heres

411 2395 553 2447 esto
577 2384 622 2445 τ’
653 2382 815 2446 nihil
847 2383 1022 2446 enim
1055 2384 1382 2462 intererat,
1401 2405 1534 2466 qua
1560 2384 1813 2448 ratione
1836 2383 2052 2448 Titius
2075 2395 2468 2460 coerceatur,
2494 2393 2716 2448 utrum

409 2487 612 2569 legati
643 2487 914 2550 datione
949 2507 1036 2549 an
1072 2487 1414 2551 coheredis
1454 2488 1845 2551 adiectione.
1934 2497 2005 2551 at
2036 2488 2415 2551 huiusmodi
2446 2507 2717 2571 scrupu-

407 2592 638 2656 lositas
683 2592 874 2655 nobis
919 2613 1051 2655 non
1097 2593 1347 2675 placuit
1393 2602 1459 2656 et
1500 2593 1902 2676 generaliter
1930 2614 2008 2657 ea
2038 2616 2211 2677 quae
2242 2595 2713 2677 relinquuntur,

409 2695 561 2759 licet
605 2716 862 2777 poenae
909 2698 1175 2759 nomine
1219 2695 1458 2759 fuerint
1506 2697 1732 2761 relicta
1776 2697 1881 2761 vel
1926 2700 2245 2781 adempta
2286 2698 2392 2761 vel
2438 2699 2505 2760 in
2549 2696 2715 2762 alios

406 2797 746 2874 translata,
796 2799 956 2861 nihil
1007 2799 1253 2863 distare
1305 2820 1346 2862 a
1394 2802 1630 2863 ceteris
1683 2800 1921 2883 legatis
1976 2802 2441 2866 constituimus
2493 2800 2599 2865 vel
2647 2802 2714 2864 in

407 2902 628 2965 dando
657 2901 763 2965 vel
795 2903 862 2965 in
892 2903 1252 2966 adimendo
1282 2902 1387 2966 vel
1419 2904 1485 2965 in
1520 2903 1979 2968 transferendo
2006 2928 2019 2966 :
2068 2904 2367 2986 exceptis
2398 2903 2502 2967 his
2532 2904 2715 2967 vide-

406 3003 580 3081 licet,
630 3026 802 3088 quae
853 3006 1284 3088 impossibilia
1335 3016 1493 3071 sunt
1536 3008 1643 3070 vel
1688 3007 1946 3089 legibus
1992 3008 2344 3071 interdicta
2387 3017 2504 3071 aut
2549 3005 2713 3071 alias

407 3109 760 3190 probrosa:
830 3111 1208 3174 huiusmodi
1273 3113 1450 3175 enim
1508 3121 1903 3177 testatorum
1968 3112 2432 3194 dispositiones
2492 3111 2713 3174 valere

406 3225 586 3278 secta
630 3225 1007 3296 temporum
1039 3236 1353 3279 meorum
1401 3236 1534 3279 non
1578 3218 1846 3299 patitur.

405 3471 574 3539 valid,
604 3473 703 3526 but
741 3489 852 3527 one
889 3472 1050 3527 ‘cum
1089 3473 1255 3527 heres
1295 3489 1456 3527 meus
1497 3483 1753 3528 mortuus
1798 3471 1933 3528 erit’
1976 3489 2041 3526 or
2080 3462 2294 3542 ‘pridie
2335 3488 2507 3542 quam
2544 3469 2711 3527 heres

405 3572 565 3609 meus
599 3554 897 3610 morietur’
925 3573 1037 3609 was
1077 3555 1251 3610 void:
1291 3572 1326 3610 a
1357 3554 1706 3623 distinction,
1744 3556 1820 3609 he
1864 3555 2025 3624 adds,
2070 3554 2087 3584 ‘
2108 3555 2265 3625 quod
2302 3572 2418 3609 non
2460 3554 2711 3625 pretiosa

403 3638 622 3694 ratione
659 3648 950 3709 receptum
990 3638 1245 3693 videtur!
1317 3640 1442 3694 The
1468 3639 1691 3709 ground
1721 3638 1786 3693 of
1809 3639 1905 3694 the
1934 3640 2053 3694 rule
2079 3654 2195 3693 was
2233 3638 2337 3693 ‘ne
2371 3640 2446 3693 ab
2482 3638 2710 3694 heredis

402 3723 614 3777 herede
645 3722 821 3792 legari
851 3720 1129 3791 videatur,
1152 3721 1306 3793 quod
1346 3722 1482 3777 iuris
1517 3721 1699 3777 civilis
1732 3722 1877 3777 ratio
1914 3739 2028 3777 non
2064 3721 2275 3792 patitur
2294 3724 2308 3751 ’
2336 3720 2567 3792 Ulpian‚
2594 3739 2709 3792 reg.

406 3820 488 3870 24.
524 3805 602 3872 16,
628 3805 698 3859 cf.
728 3806 884 3859 Paul.
910 3816 1054 3860 sent.
1081 3822 1189 3859 ree.
1220 3819 1269 3872 3.
1295 3805 1346 3859 6.
1380 3817 1426 3875 5,
1452 3804 1637 3860 which
1664 3805 1820 3860 itself
1849 3823 1965 3860 was
1999 3805 2133 3874 only
2158 3823 2231 3861 an
2268 3803 2618 3876 application
2652 3805 2718 3859 of

403 3890 500 3943 the
526 3890 710 3959 larger
727 3889 1002 3959 principle
1029 3888 1353 3959 ‘inelegans
1379 3888 1580 3957 visum,
1602 3907 1671 3944 ex
1697 3889 1924 3945 heredis
1950 3906 2195 3960 persona
2219 3888 2469 3960 incipere
2495 3888 2709 3957 obliga-

403 3971 616 4027 tionem
633 3974 647 4001 ’
673 3972 852 4027 Gaius
877 3972 952 4027 iii.
987 3988 1088 4027 100
1112 3992 1125 4027 :
1165 3990 1262 4027 see
1287 3990 1362 4027 on
1391 3973 1494 4027 Bk.
1523 3972 1600 4028 iii.
1628 3987 1702 4041 19.
1731 3988 1793 4041 13
1822 3972 1919 4029 inf.
1992 3975 2046 4028 A
2072 3972 2573 4028 fideicommissum
2592 3988 2709 4027 was

403 4054 555 4111 valid
581 4056 639 4109 in
664 4073 777 4125 any
802 4056 868 4109 of
885 4057 981 4111 the
1007 4057 1168 4112 three
1193 4058 1370 4111 forms
1395 4056 1564 4126 given
1589 4057 1791 4126 above,
1809 4056 1989 4111 Gaius
2008 4056 2064 4110 ii.
2086 4069 2206 4124 277,
2236 4056 2466 4126 Ulpian‚
2485 4073 2601 4126 reg.
2619 4070 2705 4122 24.

411 4138 488 4192 16.
549 4139 878 4209 Justinian’s
905 4150 1259 4195 enactments
1286 4157 1359 4193 on
1386 4141 1484 4194 the
1510 4140 1729 4210 subject
1755 4158 1852 4195 are
1879 4140 1936 4195 in
1965 4140 2105 4194 Cod.
2123 4154 2175 4207 4.
2200 4156 2219 4193 1
2235 4154 2280 4194 1.
2307 4156 2326 4193 1
2357 4160 2372 4206 ;
2409 4141 2458 4195 8.
2481 4141 2567 4208 38.
2591 4154 2671 4195 11.

475 4220 503 4292 ξ
531 4224 628 4277 86.
667 4225 842 4278 Some
859 4222 1206 4278 conditional
1225 4222 1470 4292 legacies
1487 4239 1584 4278 are
1603 4222 1840 4279 difficult
1857 4234 1916 4278 to
1936 4223 2277 4293 distinguish
2296 4224 2439 4278 from
2459 4222 2706 4292 legacies

407 4322 630 4376 poenae
651 4306 902 4374 nomine,
921 4306 1022 4361 viz.
1047 4308 1211 4363 those
1232 4307 1290 4362 in
1310 4307 1494 4362 which
1513 4308 1612 4361 the
1632 4307 1928 4363 fulfihnent
1948 4307 2012 4362 of
2023 4308 2121 4363 the
2141 4306 2431 4362 condition
2448 4306 2705 4377 depends

401 4406 477 4443 on
503 4390 599 4444 the
625 4391 846 4461 legatee
868 4389 1112 4445 himself.
1187 4392 1394 4460 These,
1419 4391 1698 4460 however,
1724 4408 1869 4451 were
1902 4402 2002 4446 not
2026 4390 2371 4460 necessarily
2395 4390 2613 4445 treated
2638 4407 2705 4445 as

400 4474 570 4543 penal
589 4474 770 4530 under
790 4475 887 4530 the
907 4474 1004 4528 old
1021 4474 1125 4529 law
1146 4494 1158 4530 :
1184 4475 1282 4529 the
1296 4485 1408 4530 test
1423 4492 1540 4529 was
1555 4476 1655 4530 the
1670 4474 1947 4530 intention
1965 4474 2029 4528 οἱ
2036 4475 2133 4530 the
2148 4484 2386 4529 testator
2403 4474 2441 4543 (ι
2455 4489 2703 4543 poenam

399 4574 436 4613 a
460 4558 796 4617 condicione
821 4562 1082 4616 voluntas
1107 4561 1392 4618 testatoris
1430 4571 1673 4633 separat,
1700 4572 1757 4618 et
1793 4579 1867 4618 an
1904 4578 2107 4632 poena,
2132 4578 2207 4618 an
2236 4559 2497 4615 condicio
2527 4558 2600 4614 sit
2634 4576 2703 4616 ex
