3230 5116
354 428 542 496 Tira]
577 426 806 499 QUOD
824 424 1131 481 CUMEO
1157 422 1769 495 QUIINALJENA
1787 423 2505 492 POTESTATE‚ETC.
2530 428 2659 501 559

352 590 701 657 tributoria
746 590 1021 673 expedit
1065 608 1280 671 agere,
1335 588 1538 653 modo
1589 587 1679 652 de
1729 586 1988 671 peculio
2032 597 2105 653 et
2158 588 2225 652 in
2272 609 2411 653 rem
2448 611 2657 654 verso.

349 695 699 761 tributoria
757 695 910 759 ideo
961 694 1238 775 expedit
1294 713 1508 775 agere,
1557 692 1717 775 quia
1768 692 1837 755 in
1897 712 1979 756 ea
2037 691 2289 755 domini
2351 694 2653 758 condicio

351 800 706 882 praecipua
735 818 869 861 non
899 808 1020 872 est,
1054 797 1120 861 id
1163 806 1264 861 est
1299 797 1478 879 quod
1511 797 1784 861 domino
1814 796 2095 859 debetur
2124 814 2257 859 non
2290 796 2655 872 deducitur,

351 904 472 967 sed
509 903 807 966 eiusdem
845 901 1002 965 iuris
1042 911 1144 964 est
1184 900 1510 975 dominus,
1559 898 1743 965 cuius
1784 908 1853 963 et
1899 901 2098 964 ceteri
2138 900 2538 965 creditores:
2580 909 2657 993 at

351 1007 421 1070 in
451 1006 712 1069 actione
754 1006 840 1069 de
880 1002 1138 1085 peculio
1178 1013 1336 1067 ante
1365 1003 1713 1067 deducitur
1742 1003 1923 1085 quod
1962 1003 2237 1066 domino
2276 1003 2557 1067 debetur
2588 1012 2657 1069 et

350 1111 420 1174 in
480 1109 547 1175 id
609 1109 790 1192 quod
860 1107 1185 1190 reliquum
1253 1116 1356 1171 est
1413 1107 1719 1171 creditori
1780 1106 2090 1169 dominus
2150 1106 2647 1171 condemnatur.

352 1233 572 1276 rursus
623 1213 710 1276 de
762 1210 1020 1294 peculio
1072 1210 1223 1274 ideo
1277 1211 1553 1293 expedit
1599 1228 1812 1292 agere,
1868 1211 2047 1292 quod
2102 1209 2171 1273 in
2216 1209 2341 1275 hac
2394 1210 2657 1274 actione

353 1316 558 1381 totius
589 1316 825 1397 peculii
858 1314 1024 1379 ratio
1059 1313 1358 1390 habetur,
1391 1323 1462 1378 at
1498 1314 1566 1377 in
1606 1314 1955 1378 tributoria
1984 1313 2125 1377 eius
2161 1322 2441 1388 tantum,
2472 1313 2654 1396 quod

352 1419 750 1503 negotiatur,
804 1428 872 1483 et
929 1426 1153 1501 potest
1211 1416 1486 1501 quisque
1545 1415 1746 1482 tertia
1792 1416 1962 1480 forte
2010 1426 2199 1499 parte
2251 1416 2487 1499 peculii
2538 1426 2656 1480 aut

352 1534 590 1605 quarta
641 1521 746 1587 vel
799 1521 1002 1587 etiam
1052 1522 1324 1585 minima
1369 1522 1709 1605 negotiari,
1756 1521 2071 1585 maiorem
2117 1530 2340 1584 autem
2396 1528 2654 1601 partem

351 1628 420 1689 in
465 1625 752 1709 praediis
799 1636 868 1691 et
917 1624 1259 1708 mancipiis
1309 1632 1427 1689 aut
1478 1624 1729 1689 fenebri
1782 1624 2059 1706 pecunia
2106 1622 2369 1687 habere.
2458 1633 2655 1705 prout

351 1748 511 1812 ergo
539 1730 834 1812 expedit,
865 1731 961 1793 ita
998 1730 1278 1811 quisque
1319 1728 1426 1792 vel
1469 1728 1642 1792 hanc
1677 1728 2007 1792 actionem
2044 1726 2155 1791 vel
2198 1725 2379 1789 illam
2412 1725 2655 1808 eligere

350 1834 588 1897 debet:
635 1844 810 1898 certe
841 1833 953 1915 qui
1000 1843 1222 1915 potest
1263 1832 1544 1915 probare
1589 1834 1655 1895 in
1710 1850 1849 1894 rem
1888 1830 2139 1893 domini
2174 1850 2439 1893 versum
2488 1849 2653 1904 esse,

350 1936 437 2000 de
481 1937 550 2000 in
601 1958 740 2000 rem
786 1957 976 2000 verso
1026 1957 1224 2019 agere
1282 1937 1500 2001 debet.
1622 1934 1815 2017 Quae
1865 1934 2159 1997 diximus
2206 1932 2291 1995 de
2342 1953 2533 1996 servo
2582 1941 2648 1996 et
2678 1944 2715 1998 6

349 2039 640 2119 domino,
689 2041 927 2104 eadem
979 2039 1424 2123 intellegimus
1477 2048 1544 2103 et
1592 2039 1679 2101 de
1729 2038 1867 2101 ‚filio
1922 2046 1987 2100 et
2047 2036 2185 2099 filia
2237 2044 2355 2099 aut
2406 2045 2650 2117 nepote

352 2150 422 2207 et
463 2152 686 2226 nepte,
723 2154 914 2226 patre
953 2164 1164 2207 avove
1200 2144 1384 2207 cuius
1423 2143 1490 2205 in
1531 2149 1867 2225 potestate
1908 2148 2082 2204 sunt.
2128 2129 2133 2133 ⁵
2174 2138 2350 2202 Illud
2386 2137 2650 2221 proprie
2679 2146 2713 2199 7

349 2256 646 2311 servatur
695 2246 763 2310 in
817 2267 1043 2311 eorum
1097 2267 1397 2329 persona,
1449 2246 1628 2328 quod
1681 2254 1946 2308 senatus
1994 2242 2371 2307 consultum
2428 2242 2653 2305 Mace-

350 2350 712 2414 donianum
744 2350 1083 2434 prohibuit
1125 2364 1388 2416 mutuas
1423 2348 1735 2432 pecunias
1766 2349 1907 2412 dari
1950 2348 2059 2421 eis,
2093 2348 2207 2430 qui
2248 2345 2314 2409 in
2357 2347 2653 2429 parentis

351 2464 544 2519 erunt
592 2464 970 2537 potestate:
1031 2463 1102 2519 et
1159 2456 1220 2517 ei
1281 2456 1392 2535 qui
1445 2452 1793 2517 crediderit
1854 2454 2218 2533 denegatur
2274 2450 2451 2515 actio
2510 2460 2653 2515 tam

349 2560 664 2623 adversus
692 2558 912 2642 ipsum
945 2558 1154 2622 filium
1185 2557 1476 2622 filiamve
1510 2564 1822 2641 nepotem
1856 2565 2229 2639 neptemve
2261 2554 2398 2618 sive
2430 2554 2652 2619 adhuc

351 2663 417 2725 in
443 2671 781 2745 ,potestate
821 2673 992 2740 sunt,
1029 2665 1165 2726 sive
1198 2671 1415 2724 morte
1451 2663 1741 2743 parentis
1774 2659 1883 2724 vel
1930 2657 2457 2740 emancipatione
2492 2677 2653 2721 suae

351 2767 701 2848 potestatis
733 2786 878 2830 esse
909 2767 1262 2849 coeperint,
1293 2785 1494 2848 quam
1526 2765 1841 2827 adversus
1882 2771 2139 2844 patrem
2182 2781 2481 2835 avumve,
2515 2761 2653 2824 sive

348 2868 598 2932 habeat
629 2890 740 2932 eos
759 2869 990 2933 adhuc·
1024 2870 1088 2931 in
1121 2878 1455 2951 potestate
1493 2869 1630 2931 sive
1665 2866 2199 2948 emancipaverit.
2285 2885 2459 2946 quae
2497 2863 2653 2927 ideo

349 2981 620 3036 senatus
663 2973 1023 3054 prospexit,
1064 2972 1222 3054 quia
1261 2991 1460 3052 saepe
1499 2970 1757 3034 onerati
1800 2989 1953 3032 aere
1990 2969 2209 3031 alieno
2252 2968 2651 3030 creditarum

345 3203 583 3274 pointed
607 3214 704 3260 out
730 3205 788 3259 in
815 3205 910 3260 the
935 3222 1177 3276 passage
1207 3203 1358 3258 cited
1391 3213 1452 3258 at
1485 3203 1582 3258 the
1618 3201 1731 3256 end
1765 3201 1830 3256 of
1858 3211 1992 3256 note
2023 3217 2097 3255 on
2138 3198 2165 3271 §
2191 3215 2227 3269 ‚3
2266 3217 2417 3270 supr.
2474 3199 2652 3254 Gaius

349 3287 447 3357 (iv.
475 3287 564 3357 74)
593 3288 786 3342 thinks
811 3289 908 3343 the
938 3289 1146 3343 former
1169 3287 1402 3356 remedy
1427 3303 1492 3342 as
1527 3303 1564 3340 a
1599 3286 1718 3340 rule
1753 3283 2067 3354 preferable
2107 3295 2167 3339 to
2192 3285 2289 3338 the
2312 3283 2496 3338 latter.
2566 3284 2653 3338 As

347 3387 492 3426 soon
517 3387 582 3424 as
609 3371 706 3426 the
739 3371 930 3426 action
967 3370 1216 3426 selected
1253 3369 1368 3424 had
1401 3368 1651 3424 reached
1682 3367 1797 3422 litis
1832 3367 2188 3436 contestatiO‚
2215 3367 2313 3421 the
2350 3367 2511 3420 other
2536 3381 2652 3420 was

347 3453 746 3522 extinguished
771 3471 844 3508 on
871 3463 1110 3508 account
1135 3453 1201 3506 of
1221 3453 1323 3507 the
1351 3451 1598 3521 identity
1624 3450 1689 3505 of
1711 3452 1813 3506 the
1846 3449 2162 3520 obligation
2191 3449 2372 3503 which
2398 3449 2532 3516 they
2558 3448 2653 3518 lay

349 3545 412 3591 to
439 3537 686 3606 enforce,
711 3537 844 3606 Dig.
879 3550 958 3602 14.
985 3550 1034 3602 4.
1063 3551 1114 3610 9,
1144 3551 1192 3590 1.

421 3617 450 3690 ξ
478 3623 536 3674 8.
574 3623 685 3675 But
711 3619 808 3674 the
826 3617 1240 3686 filiusfamilias,
1266 3616 1457 3672 nnlike
1482 3617 1580 3672 the
1608 3616 1779 3685 slave,
1809 3615 1979 3671 could
2000 3615 2074 3670 be
2100 3615 2243 3669 sued
2266 3613 2323 3668 in
2348 3630 2554 3685 person
2575 3631 2651 3670 on

346 3702 437 3758 his
457 3721 588 3757 own
614 3712 900 3758 contracts
924 3722 939 3768 ;
972 3703 1061 3756 for
1084 3703 1182 3756 the
1201 3701 1373 3756 effect
1405 3701 1470 3754 of
1487 3699 1788 3769 judgment
1821 3698 2127 3754 recovered
2160 3697 2383 3767 against
2406 3697 2527 3752 him
2553 3714 2652 3752 see

347 3802 424 3840 on
450 3785 560 3840 Trit.
591 3798 638 3854 5.
667 3801 698 3838 2
725 3801 874 3855 supr.
949 3783 1292 3838 Sometimes
1326 3795 1423 3838 too
1454 3799 1489 3837 a
1521 3799 1657 3836 man
1693 3797 1808 3836 was
1839 3780 2013 3836 liable
2046 3796 2122 3834 on
2147 3797 2183 3834 a
2208 3789 2461 3834 contract
2487 3781 2651 3834 when

347 3867 519 3922 made
541 3867 619 3935 by
637 3867 729 3922 his
753 3883 876 3935 son,
895 3867 996 3922 but
1019 3875 1119 3921 not
1141 3867 1302 3920 when
1323 3865 1494 3920 made
1515 3865 1591 3934 by
1609 3865 1701 3920 his
1717 3864 1912 3918 slave:
1953 3863 2089 3917 ‘sed
2108 3862 2156 3917 si
2182 3862 2329 3917 filius
2354 3862 2654 3917 fideiussor

349 3949 440 4002 vel
460 3949 621 4018 quasi
649 3948 994 4003 interventor
1017 3959 1286 4018 acceptus
1313 3948 1401 4016 sit,
1423 3966 1495 4003 an
1512 3948 1589 4002 de
1615 3945 1838 4017 peculio
1862 3955 2083 4015 patrem
2108 3944 2322 4014 obligat
2348 3944 2648 4018 quaeritur.

351 4032 428 4084 Et
468 4040 558 4085 >est
598 4047 734 4085 vera
774 4030 973 4085 Sabini
1007 4041 1068 4086 et
1114 4031 1297 4086 Cassii
1343 4030 1625 4086 sententia
1668 4027 2111 4084 existimantium
2154 4043 2379 4098 semper
2413 4025 2653 4098 obligari

349 4123 570 4184 patrem
597 4113 668 4169 de
694 4113 934 4184 peculio,
959 4122 1016 4168 et
1042 4113 1251 4168 distare
1279 4114 1335 4167 in
1361 4115 1470 4167 hoc
1496 4131 1532 4168 a
1557 4130 1721 4168 servo
1738 4114 1751 4141 '
1778 4113 1911 4182 Dig.
1944 4124 2024 4181 15.
2057 4126 2097 4165 1.
2128 4126 2174 4180 3.
2204 4125 2253 4180 9.

423 4193 452 4266 ᾖ
479 4200 536 4252 ’1,
573 4196 700 4251 The
720 4196 832 4250 last
857 4205 968 4250 two
995 4195 1140 4250 lines
1159 4195 1224 4249 of
1241 4195 1355 4250 this
1381 4195 1597 4250 section
1618 4195 1751 4250 lend
1776 4211 1936 4250 some
1962 4194 2156 4247 colour
2181 4205 2239 4248 to
2266 4193 2363 4248 the
2388 4203 2544 4261 story
2568 4209 2653 4248 re·

347 4279 503 4335 lated
517 4279 596 4348 by
611 4277 980 4349 Theophilus,
993 4279 1120 4334 that
1144 4278 1241 4333 the
1267 4279 1377 4332 SC.
1399 4277 1901 4346 Macedonianum,
1919 4276 2103 4331 which
2122 4293 2235 4332 was
2252 4275 2463 4346 passed
2481 4275 2539 4328 in
2556 4276 2653 4329 the

347 4360 488 4417 time
511 4361 576 4416 of
591 4361 775 4417 either
802 4361 1072 4417 Claudius
1097 4377 1161 4414 or
1187 4358 1522 4429 Vespasiae,
1541 4359 1774 4415 derived
1799 4359 1871 4414 its
1896 4377 2067 4416 name
2092 4359 2237 4413 from
2267 4375 2376 4413 one
2406 4357 2653 4412 Macedo

347 4447 476 4498 who
501 4443 836 4499 committed
859 4445 956 4499 the
983 4442 1157 4498 crime
1177 4441 1242 4495 os
1258 4440 1536 4511 parricide
1562 4441 1622 4496 in
1648 4441 1814 4496 order
1830 4451 1890 4498 to
1909 4441 2115 4496 relieve
2142 4439 2375 4495 himself
2392 4439 2536 4493 from
2562 4438 2651 4494 his

346 4527 656 4600 pecuniary
665 4526 1026 4596 difficultiesfi
1045 4525 1266 4597 cssp41
1287 4541 1437 4597 supr.
1477 4525 1604 4582 The
1622 4534 1946 4583 enactment
1966 4523 2185 4580 related
2198 4531 2258 4578 to
2274 4539 2349 4578 no
2365 4532 2651 4578 contracts
