3230 5116
545 384 671 451 268
949 395 1097 451 INS
1103 395 1157 450 T
1151 395 1244 450 JT
1251 395 1363 452 UT
1357 395 1518 452 [ΟΝ
1519 396 1651 452 UM
1686 395 1927 451 LIBRI
1962 395 2434 469 QUATTUOR.
2630 397 2760 464 [Lib.
2784 403 2852 452 11.

547 557 860 622 infirmari
901 569 1404 636 testamentum,
1437 561 1618 643 quod
1660 570 1895 644 postea
1936 569 2216 627 testator
2244 559 2313 624 id
2354 559 2567 624 noluit
2594 559 2851 626 valere:

546 683 756 746 usque
785 664 955 729 adeo
987 674 1062 729 ut
1093 675 1182 740 et,
1212 666 1266 728 si
1296 667 1443 748 quis
1487 674 1640 749 post
1680 665 1929 730 factum
1971 666 2151 748 prius
2190 675 2667 730 testamentum
2700 685 2853 748 pos-

545 767 747 830 terius
784 766 998 832 facere
1046 771 1338 852 coeperit
1379 777 1447 832 et
1483 779 1600 834 aut
1648 769 2053 834 mortalitate
2089 779 2505 852 praeventus,
2544 779 2660 834 aut
2700 769 2855 851 quia

549 891 702 934 eum
732 872 871 935 eius
913 873 1003 936 rei
1050 874 1396 954 paenituit,
1430 873 1498 936 id
1529 893 1661 938 non
1702 872 2103 956 perfecisset,
2141 873 2275 936 divi
2318 873 2676 938 Pertinacis
2710 893 2855 936 ora-

549 974 732 1037 tione
779 986 1048 1040 cautum
1096 985 1216 1052 est,
1261 997 1346 1040 ne
1393 975 1568 1070 alias·
1605 975 1873 1042 tabulae
1912 979 2161 1060 priores
2207 978 2343 1040 iure
2385 975 2599 1041 factae
2638 977 2857 1040 irritae

551 1077 732 1152 fiant,
764 1080 886 1144 nisi
926 1092 1278 1163 sequentes
1321 1082 1460 1146 iure
1487 1082 1831 1146 ordinatae
1874 1090 1941 1146 et
1982 1080 2315 1164 perfectae
2348 1080 2609 1145 fuerint.
2698 1100 2856 1144 nam

553 1183 1014 1267 imperfectum
1071 1196 1547 1252 testamentum
1609 1189 1750 1252 sine
1806 1188 2011 1251 dubio
2072 1185 2325 1250 nullum
2374 1196 2496 1251 est.
2595 1185 2857 1249 Eadem

551 1291 851 1354 oratione
893 1293 1221 1374 expressit
1266 1311 1398 1355 non
1445 1293 1888 1357 admissurum
1937 1313 2011 1357 se
2062 1291 2501 1356 hereditatem
2554 1291 2712 1365 eius,
2745 1289 2859 1373 qui

551 1391 688 1458 litis
733 1415 934 1460 causa
977 1397 1340 1480 principem
1385 1397 1699 1462 heredem
1746 1397 2099 1481 reliquerit,
2148 1417 2364 1480 neque
2412 1395 2675 1460 tabulas
2726 1415 2861 1458 non

553 1497 851 1580 legitime
881 1498 1112 1576 factas,
1145 1501 1211 1564 in
1242 1502 1482 1583 quibus
1513 1503 1653 1584 ipse
1684 1502 1772 1566 ob
1808 1521 1957 1564 eam
2002 1521 2270 1566 causam
2300 1500 2491 1564 heres
2520 1499 2860 1562 institutus

554 1609 713 1678 erat,
754 1602 1184 1683 probaturum
1227 1625 1440 1687 neque
1480 1627 1570 1670 ex
1613 1606 1792 1670 nuda
1825 1626 1989 1670 voce
2030 1605 2289 1670 heredis
2331 1623 2576 1668 nomen
2612 1603 2861 1666 admis-

555 1724 782 1768 surum
814 1726 1030 1789 neque
1060 1729 1148 1772 ex
1172 1708 1307 1772 ulla
1338 1711 1676 1792 scriptura,
1696 1712 1799 1776 cui
1831 1712 1985 1775 iuris
2013 1711 2369 1775 auctoritas
2394 1709 2583 1784 desit,
2613 1706 2862 1790 aliquid

557 1809 972 1892 adepturum.
1040 1814 1402 1878 secundum
1431 1815 1596 1880 haec
1626 1817 1761 1880 divi
1785 1837 2050 1899 quoque
2076 1815 2359 1881 Severus
2389 1822 2458 1878 et
2478 1813 2864 1878 Antoninus

559 1915 946 1998 saepissime
976 1918 1480 2000 rescripserunt:
1530 1921 1718 1985 ‘licet
1748 1917 1955 1984 enim’
1985 1921 2293 2002 inquiunt
2334 1917 2625 2002 ‘legibus
2666 1915 2865 1980 soluti

559 2038 804 2096 sumus,
837 2031 1134 2086 attamen
1165 2022 1422 2105 legibus
1451 2020 1771 2090 vivimus.’

1579 2213 1846 2279 XVIII.

1122 2386 1223 2436 DE
1269 2386 1738 2441 INOFFICIOSO
1784 2385 2304 2440 TESTAMENTO.

649 2535 824 2621 Quia
856 2536 1245 2621 plerumque
1289 2549 1595 2622 parentes
1625 2541 1767 2605 sine
1811 2562 2011 2607 causa
2054 2539 2293 2604 liberos
2335 2560 2489 2605 suos
2516 2536 2625 2601 vel
2662 2533 2867 2601 exhe-

563 2644 800 2707 redant
829 2642 932 2707 vel
963 2644 1299 2723 omittunt,
1330 2646 1676 2711 inductum
1707 2656 1829 2723 est,
1855 2656 1930 2711 ut
1959 2646 2046 2709 de
2076 2645 2436 2710 inofficioso
2468 2651 2869 2709 testamento

563 2852 635 2907 cf.
664 2849 904 2921 Capitol.
929 2850 1076 2906 Pert.
1097 2863 1128 2918 7
1156 2850 1376 2921 ‘legem
1400 2891 1416 2906 .
1448 2894 1461 2907 .
1491 2894 1502 2907 .
1529 2852 1671 2921 tulit,
1698 2862 1759 2907 ut
1785 2862 2129 2909 testamenta
2152 2850 2341 2923 priora
2364 2867 2481 2906 non
2499 2849 2653 2921 prius
2678 2858 2870 2904 essent

565 2935 737 3004 irrita,
780 2952 951 3005 quam
991 2934 1104 2990 alia
1144 2936 1395 3005 perfecta
1434 2945 1643 3005 essent,
1687 2953 1831 2992 neve
1880 2937 1955 2991 ob
2004 2937 2116 2991 hoc
2174 2936 2343 2990 fiscus
2393 2934 2699 3005 aliquando
2748 2948 2871 2988 suc·

565 3020 826 3075 cederet!
881 3020 969 3073 To
1007 3019 1203 3074 cancel
1229 3037 1264 3075 a
1289 3019 1508 3075 written
1543 3020 1655 3074 will
1690 3020 1987 3075 otherwise
2024 3020 2163 3075 than
2194 3020 2272 3088 by
2295 3020 2394 3073 the
2426 3016 2723 3073 execution
2756 3016 2821 3071 of
2836 3032 2875 3071 a

564 3104 708 3159 later
732 3119 840 3157 one
868 3100 909 3157 it
936 3120 1051 3159 was
1076 3120 1379 3173 necessary
1403 3114 1464 3159 to
1490 3104 1721 3175 destroy
1740 3104 1837 3161 the
1863 3103 2202 3159 instrument
2226 3103 2304 3171 by
2322 3102 2545 3171 tearing
2566 3118 2633 3156 or
2657 3099 2874 3169 cutting

565 3187 626 3253 it,
651 3204 716 3241 or
738 3187 816 3255 by
835 3186 1062 3257 erasing
1090 3188 1186 3242 the
1212 3186 1545 3256 institution,
1571 3188 1791 3259 though
1816 3185 2230 3243 unintentional
2256 3203 2484 3241 erasure
2508 3184 2653 3240 after
2675 3199 2874 3238 execu-

564 3270 685 3325 tion
727 3269 826 3324 did
865 3279 967 3324 not
1009 3269 1175 3325 affect
1214 3271 1313 3326 the
1357 3270 1592 3341 validity
1636 3272 1703 3325 of
1737 3270 1810 3326 its
1860 3269 2229 3341 dispositions
2272 3268 2323 3323 if
2353 3268 2503 3324 their
2548 3278 2711 3323 tenor
2756 3281 2873 3319 was

565 3353 791 3422 known,
820 3352 949 3422 Dig.
980 3354 1064 3408 28.
1091 3369 1139 3420 4.
1174 3369 1219 3408 1.
1246 3370 1296 3409 2.
1371 3354 1566 3425 Single
1604 3354 1971 3425 dispositions
2010 3354 2180 3409 could
2210 3352 2481 3421 similarly
2516 3353 2590 3406 be
2624 3348 2875 3405 revoked

567 3437 645 3505 by
668 3453 912 3504 erasure,
939 3437 1174 3493 without
1210 3438 1478 3508 affecting
1509 3439 1607 3494 the
1640 3438 1875 3508 validity
1902 3438 1967 3493 of
1991 3440 2089 3493 the
2114 3436 2225 3492 will
2261 3454 2326 3493 as
2351 3453 2388 3490 a
2411 3436 2609 3504 whole,
2638 3433 2769 3504 Dig.
2796 3432 2873 3487 ib.

569 3534 620 3573 2.
648 3531 697 3587 7,
725 3517 796 3573 cf.
826 3520 1090 3588 Kriiger’s
1114 3521 1409 3575 recension
1435 3522 1502 3575 of
1520 3521 1699 3576 Gaius
1726 3522 1779 3577 ii.
1814 3534 1905 3591 151
1938 3521 1997 3576 in
2026 3524 2137 3576 Mr.
2166 3521 2381 3575 Poste’s
2406 3518 2638 3575 edition.

643 3600 672 3671 ξ
700 3605 759 3656 8.
800 3601 886 3658 Cf.
914 3603 1138 3671 Paulus-1,
1165 3613 1308 3659 sent.
1346 3621 1458 3659 rec.
1489 3616 1534 3673 5.
1568 3620 1651 3661 12.
1676 3606 1708 3660 8
1738 3605 1817 3675 (in
1846 3604 1976 3675 Dig.
2006 3606 2091 3659 28.
2122 3617 2167 3674 5.
2196 3604 2252 3673 9)
2291 3603 2723 3673 ‘imperatorem
2759 3599 2874 3656 litis

569 3702 744 3741 causa
791 3686 1061 3741 heredem
1114 3685 1328 3741 institui
1380 3687 1721 3743 invidiosum
1766 3698 1870 3758 est,
1914 3705 2021 3744 nec
2064 3686 2383 3743 calumniae
2430 3686 2757 3741 facultatem
2806 3700 2879 3739 ex

569 3769 866 3841 principali
904 3770 1203 3826 maiestate
1240 3771 1367 3841 capi
1393 3774 1652 3842 oportet.'
1724 3774 1839 3826 For
1863 3782 2206 3841 acceptance
2232 3769 2415 3825 under
2451 3768 2711 3823 informa]
2737 3765 2877 3821 wills

570 3855 648 3923 by
683 3854 780 3909 the
819 3856 1126 3925 Emperors
1163 3855 1234 3909 cf.
1271 3855 1592 3925 SuetoniuS,
1622 3856 1799 3926 Calig.
1828 3857 1913 3925 38,
1954 3854 2167 3911 Domit.
2202 3870 2283 3923 12,
2324 3852 2504 3922 Pliny,
2545 3853 2755 3920 Paneg.
2788 3865 2876 3919 43.

571 3937 782 3992 ‘Nuda
812 3939 950 3991 vox’
987 3955 1174 3993 seems
1221 3949 1281 3994 to
1317 3956 1485 3994 mean
1524 3940 1622 3995 the
1660 3940 1965 4010 allegation
2003 3940 2068 3994 of
2096 3938 2309 4007 having
2344 3936 2523 3991 heard
2561 3953 2627 3991 so
2660 3935 2777 3991 and
2812 3952 2879 3990 so

571 4020 796 4076 declare
823 4019 1142 4092 informally
1165 4024 1290 4078 that-
1325 4024 1402 4078 he
1427 4022 1540 4078 had
1571 4024 1743 4078 made
1776 4025 1875 4079 the
1902 4025 2184 4093 Emperor
2216 4021 2307 4076 his
2340 4019 2464 4076 heir
2490 4020 2529 4090 (‘
2544 4019 2639 4091 qui
2665 4019 2878 4075 diceret

571 4104 800 4160 audisse
849 4122 912 4160 se
966 4124 1036 4161 ex
1089 4106 1372 4177 defuncto,
1422 4123 1554 4162 cum
1601 4106 1833 4175 viveret,
1883 4108 2151 4163 heredem
2204 4104 2314 4161 sibi
2367 4105 2674 4161 Caesarem
2722 4120 2851 4159 esse
2868 4104 2883 4132 ’

575 4187 896 4257 Suetonius,
923 4189 960 4242 l.
986 4189 1079 4258 c.).

642 4274 764 4329 Ἧι.
788 4276 1038 4329 XVIII.
1077 4274 1200 4330 The
1235 4274 1485 4345 practice
1521 4274 1590 4331 os
1615 4273 2022 4331 exheredation
2059 4273 2321 4344 for-mally
2344 4270 2590 4328 enabled
2626 4288 2663 4325 a
2698 4268 2883 4325 father

570 4365 632 4411 to
668 4356 846 4412 debar
881 4356 969 4412 his
995 4357 1249 4413 children
1286 4359 1431 4413 from
1457 4360 1534 4415 all
1569 4360 1738 4415 share
1774 4358 1833 4413 in
1870 4358 1960 4413 his
1998 4356 2322 4413 succession
2352 4376 2368 4423 ;
2412 4355 2470 4411 in
2496 4354 2611 4411 this
2647 4353 2797 4409 Title
2832 4352 2881 4407 is

575 4440 874 4496 described
899 4441 997 4496 the
1033 4441 1267 4511 remedy
1291 4442 1378 4496 for
1401 4452 1499 4497 too
1535 4443 1711 4497 harsh
1746 4458 1819 4497 an
1854 4440 2106 4497 exercise
2138 4440 2203 4495 of
2232 4439 2345 4495 this
2381 4438 2671 4511 privilege,
2697 4435 2883 4491 which

573 4524 902 4597 practically
925 4527 1163 4583 secured
1187 4535 1248 4581 to
1280 4526 1548 4583 relations
1579 4526 1775 4582 within
1800 4544 1836 4582 a
1860 4524 2075 4583 certain
2113 4525 2321 4595 degree
2358 4524 2424 4580 of
2440 4539 2611 4593 every
2642 4529 2883 4578 testator
