3230 5116
560 392 688 478 306
969 399 1120 456 INS
1123 399 1268 456 TIT
1274 397 1675 454 UTJONUM
1710 396 1951 451 LIBRI
1988 395 2460 468 QUATTUOR.
2644 396 2773 464 [Lib.
2796 399 2879 450 ll:

499 578 544 634 8
563 569 742 653 apud
771 567 1086 632 heredem
1125 574 1455 630 manente.
1545 562 1732 627 Nihil
1772 571 1999 627 autem
2037 562 2329 639 interest,
2360 573 2587 628 utrum
2624 562 2863 646 aliquis

558 695 650 738 ex
682 695 832 738 asse
867 672 1058 737 heres
1103 672 1446 736 institutus
1485 679 1602 734 aut
1646 679 1861 733 totam
1904 667 2345 733 hereditatem
2373 679 2494 733 aut
2521 689 2641 751 pro
2672 675 2863 752 parte

559 780 904 843 restituere
955 787 1240 860 rogatur,
1293 795 1378 840 an
1431 795 1520 838 ex
1571 783 1763 857 parte
1820 773 2013 836 heres
2068 773 2408 838 institutus
2470 783 2593 838 aut
2646 783 2861 839 totam

561 903 707 948 eam
740 891 998 964 partem
1029 890 1146 946 aut
1179 883 1388 963 partis
1426 889 1687 963 partem
1718 879 2061 942 restituere
2096 889 2405 960 rogatur:
2448 899 2605 942 nam
2636 888 2707 942 et
2732 879 2861 944 hoc

561 1007 718 1052 casu
761 987 996 1050 eadem
1041 985 1371 1049 observari
1417 983 1875 1066 praecipitum,
1911 1002 2084 1064 quae
2125 981 2193 1044 in
2234 984 2441 1047 totius
2473 981 2863 1048 hereditatis

499 1105 544 1158 9·
562 1092 976 1156 restitutione
1027 1089 1340 1153 diximus
1437 1087 1513 1153 si
1570 1089 1721 1171 quis
1780 1107 1910 1150 una
1968 1087 2191 1170 aliqua
2250 1107 2319 1152 re
2378 1088 2670 1152 deducta
2724 1089 2861 1152 sive

558 1204 931 1278 praecepta,
978 1213 1152 1277 quae
1201 1201 1506 1276 quartam
1567 1192 1882 1266 continet,
1931 1189 2137 1254 veluti
2188 1189 2393 1254 fundo
2443 1191 2551 1254 vel
2608 1191 2741 1256 alia
2790 1209 2863 1256 re

557 1309 832 1384 rogatus
859 1300 952 1364 sit
977 1299 1320 1363 restituere
1357 1296 1819 1373 hereditatem,
1852 1295 2049 1358 simili
2092 1297 2292 1360 modo
2323 1315 2411 1359 ex
2440 1296 2861 1361 Trebelliano

559 1413 832 1466 senatus
882 1402 1186 1466 consulto
1240 1401 1570 1465 restitutio
1620 1397 1756 1475 fiat,
1813 1400 2089 1483 perinde
2138 1421 2217 1465 ac
2274 1401 2329 1463 si
2382 1411 2623 1483 quana
2672 1411 2863 1483 parte

559 1516 817 1570 retenta
867 1516 1140 1589 rogatus
1197 1515 1374 1569 esset
1420 1505 1741 1587 reliquam
1794 1505 2233 1570 hereditatem
2284 1506 2647 1569 restimere.
2740 1503 2863 1568 sed

559 1609 722 1674 illud
777 1610 1068 1688 interest,
1120 1609 1300 1692 quod
1360 1608 1572 1672 altero
1644 1627 1819 1687 casu,
1866 1609 1935 1674 id
2000 1619 2103 1674 est
2164 1629 2319 1673 cum
2378 1609 2671 1673 deducta
2726 1609 2861 1672 sive

559 1725 919 1798 praecepta
965 1714 1186 1796 aliqua
1237 1731 1307 1776 re
1365 1713 1729 1778 restituitur
1778 1711 2131 1792 hereditas,
2178 1715 2245 1778 in
2297 1712 2585 1776 solidum
2638 1731 2731 1776 ex
2780 1731 2861 1776 eo

559 1828 830 1882 senatus
876 1817 1178 1882 consulto
1217 1817 1510 1881 actiones
1561 1815 2043 1882 transferuntur
2084 1828 2155 1882 et
2202 1835 2307 1881 res
2348 1835 2522 1899 quae
2566 1827 2865 1881 remanet

565 1923 744 2004 apud
780 1919 1096 1986 heredem
1146 1922 1288 1985 sine
1333 1919 1473 1985 ullo
1519 1941 1719 1984 onere
1764 1921 2161 1987 hereditario
2207 1925 2386 2004 apud
2436 1939 2589 1986 eum
2636 1931 2863 1986 manet

559 2027 750 2110 quasi
799 2047 888 2090 ex
947 2026 1170 2109 legato
1231 2028 1290 2090 ei
1349 2027 1699 2108 adquisita,
1748 2027 1959 2092 altero
2001 2047 2157 2091 vero
2218 2045 2391 2104 casu,
2445 2026 2514 2090 id
2562 2036 2667 2091 ent
2710 2043 2859 2090 cum

559 2143 796 2214 quarta
827 2142 1020 2214 parte
1053 2141 1310 2196 retenta
1345 2142 1617 2214 rogatus
1662 2141 1765 2196 est
1808 2130 1999 2196 heres
2040 2131 2383 2197 restituere
2423 2129 2859 2196 hereditatem

560 2247 630 2301 et
704 2237 1006 2314 restituit,
1067 2237 1449 2301 scindantur
1516 2237 1813 2301 actiones
1875 2247 1942 2302 et
2004 2259 2124 2320 pro
2200 2237 2525 2301 dodrante
2589 2237 2859 2318 quidem

557 2341 1031 2406 transferantur
1059 2341 1144 2403 ad
1183 2339 1881 2416 fideicommissarium‚
1915 2362 2036 2424 pro
2074 2341 2443 2424 quadrante
2480 2351 2863 2405 remaneant

563 2445 741 2525 apud
774 2443 1105 2507 heredem.
1193 2445 1350 2526 quin
1393 2445 1596 2508 etiam
1635 2443 1789 2509 licet
1830 2445 1895 2508 in
1938 2463 2068 2508 una
2119 2464 2206 2516 re,
2241 2462 2377 2527 qua
2418 2443 2705 2509 deducta
2745 2455 2863 2509 aut

557 2555 914 2631 praecepta
957 2548 1300 2613 restituere
1334 2547 1569 2631 aliquis
1603 2547 2045 2615 hereditatem
2092 2562 2363 2633 rogatus
2410 2560 2527 2625 est,
2567 2550 2862 2615 maxima

557 2674 716 2735 pars
758 2652 1146 2719 hereditatis
1194 2653 1623 2733 contineatur,
1664 2676 1875 2739 aeque
1926 2656 1992 2719 in
2042 2654 2329 2719 solidum
2388 2654 2864 2721 transferuntur

556 2759 854 2822 actiones
883 2768 958 2823 et
981 2772 1206 2821 secum
1237 2758 1598 2823 deliberare
1628 2760 1835 2825 debet
1872 2760 1944 2835 is,
1978 2762 2081 2824 cui
2122 2760 2487 2825 restituitur
2514 2760 2863 2837 hereditas,

557 2878 640 2926 an
688 2862 1008 2944 expediat
1049 2862 1174 2925 sibi
1219 2862 1494 2926 restitui.
1606 2866 1843 2927 eadem
1892 2863 2139 2930 scilicet
2198 2864 2640 2928 interveniunt
2690 2874 2760 2929 et
2806 2864 2861 2927 si

556 2964 816 3029 duabus
888 2964 1266 3049 pluribusve
1340 2965 1533 3030 rebus
1607 2966 1911 3032 deductis
1996 2968 2447 3050 praeceptisve
2522 2968 2866 3032 restituere

556 3070 994 3136 hereditatem
1054 3080 1323 3154 rogatus
1381 3069 1486 3136 sit.
1595 3072 1714 3136 sed
1785 3082 1851 3137 et
1911 3072 1965 3135 si
2026 3082 2211 3137 certa
2256 3092 2519 3135 summa
2576 3073 2864 3137 deducta

555 3185 1012 3258 praeceptave,
1081 3194 1253 3257 quae
1327 3186 1632 3257 quartam
1702 3176 1809 3239 vel
1882 3176 2085 3240 etiam
2162 3176 2528 3239 maximam
2602 3186 2859 3257 partem

555 3278 942 3343 hereditatis
973 3280 1286 3354 continet,
1319 3290 1590 3362 rogatus
1632 3280 1717 3344 sit
1751 3280 1986 3363 aliquis
2024 3278 2464 3345 hereditatem
2498 3281 2859 3353 restituere,

557 3382 732 3445 idem
785 3384 938 3446 iuris
991 3394 1109 3448 est.
1197 3404 1368 3466 quae
1416 3383 1711 3449 diximus
1763 3386 1848 3450 de
1902 3406 1981 3449 eo
2030 3385 2147 3469 qui
2197 3405 2283 3448 ex
2338 3405 2485 3448 asse
2528 3384 2717 3447 heres
2762 3384 2857 3446 in-

555 3488 834 3551 stitutus
860 3498 978 3565 est,
1005 3488 1242 3551 eadem
1273 3486 1727 3553 transferimus
1767 3501 1839 3554 et
1876 3492 1963 3555 ad
2009 3511 2161 3555 eum
2192 3491 2307 3572 qui
2336 3510 2427 3553 ex
2453 3499 2640 3571 parte
2671 3486 2863 3552 heres

557 3590 841 3673 scriptus
869 3602 990 3655 est.

631 3870 660 3944 ξ
689 3872 746 3928 Θ.
784 3872 924 3929 This
955 3872 1002 3929 is
1041 3872 1224 3929 called
1261 3873 1542 3929 institutio
1575 3892 1645 3931 ex
1681 3890 1743 3930 re
1779 3884 1951 3931 certa:
2024 3873 2150 3931 The
2190 3874 2419 3945 general
2452 3874 2588 3944 mle,
2615 3874 2801 3929 where
2827 3890 2862 3928 a

557 3971 763 4028 person
786 3974 900 4012 was
927 3957 1221 4013 instituted
1246 3968 1305 4013 to
1331 3958 1561 4029 specific
1584 3970 1855 4030 property
1880 3960 2029 4029 only,
2055 3976 2169 4014 was
2195 3969 2255 4014 to
2280 3958 2413 4014 take
2438 3958 2535 4013 the
2560 3956 2859 4012 limitation

558 4056 622 4096 as
662 4056 764 4111 pro
807 4056 922 4095 non
961 4040 1207 4111 scripto:
1248 4038 1332 4095 ‘si
1371 4056 1439 4096 ex
1481 4042 1661 4097 fundo
1704 4042 1903 4098 suisset
1947 4042 2149 4114 aliquis
2188 4042 2344 4097 solus
2380 4042 2684 4107 institutus,
2711 4040 2861 4097 valet

557 4122 835 4179 institutio
878 4124 1133 4180 detracta
1173 4122 1340 4179 fundi·
1369 4124 1691 4181 mentione’
1728 4124 1861 4195 Dig.
1888 4123 1973 4182 28.
2005 4138 2047 4197 5.
2086 4141 2126 4181 1.
2153 4140 2205 4194 4,
2244 4125 2411 4181 ‘licet
2449 4126 2507 4180 in
2550 4140 2621 4181 eo
2666 4122 2861 4196 [testa-

557 4204 774 4278 mento]
821 4216 1099 4263 certarum
1142 4225 1328 4264 rerum
1368 4210 1533 4264 heres
1575 4210 1819 4280 scriptus
1857 4220 1959 4280 est,
1998 4208 2233 4281 perinde
2258 4210 2447 4265 valere
2483 4226 2553 4264 ac
2589 4208 2635 4263 si
2674 4224 2860 4263 rerum

557 4290 770 4346 mentio
796 4292 947 4347 facta
971 4305 1085 4346 non
1111 4302 1262 4348 esset
1278 4292 1292 4321 ³
1319 4292 1452 4362 Dig.
1480 4292 1563 4361 36.
1597 4308 1641 4348 1.
1669 4307 1753 4361 30.
1832 4292 1858 4348 1
1864 4295 1897 4361 f,
1923 4294 2201 4361 however,
2228 4294 2270 4348 it
2296 4308 2412 4347 was
2439 4294 2593 4347 clear
2614 4292 2739 4347 that
2764 4292 2861 4346 the

557 4384 795 4430 testator
818 4383 1011 4429 meant
1037 4390 1197 4430 some
1221 4392 1330 4431 one
1355 4376 1472 4431 else
1497 4386 1558 4432 to
1583 4376 1717 4432 take
1744 4376 1843 4432 the
1867 4376 2108 4444 residue,
2134 4376 2231 4431 the
2264 4374 2541 4431 intention
2568 4374 2753 4429 would
2786 4374 2859 4429 be

557 4456 849 4528 executed,
875 4474 940 4513 as
977 4456 1034 4512 in
1071 4458 1170 4513 the
1206 4476 1338 4515 case
1375 4459 1443 4515 of
1469 4476 1544 4515 an
1581 4474 1812 4530 express
1847 4460 2349 4515 fideicommissum
2376 4458 2570 4514 before
2595 4476 2698 4513 us:
2736 4473 2802 4511 or
2824 4472 2861 4512 a

557 4541 1064 4599 fideicommissum
1079 4543 1264 4598 would
1283 4544 1356 4599 be
1376 4543 1609 4615 implied
1635 4544 1692 4598 in
1718 4545 1915 4599 favour
1939 4544 2004 4599 os
2022 4545 2116 4599 the
2139 4538 2575 4599 intestate'heirs
2596 4542 2752 4611 (Dig.
2772 4554 2857 4611 31.
