3230 5116
543 396 672 471 350
953 386 1657 447 INSTJTUTJONUM
1691 385 1929 441 LIBRI
1964 384 2441 457 QUATTUOR.
2612 386 2742 454 [Lib.
2756 391 2847 441 m.

543 559 721 626 sacto
751 566 1154 625 testamento
1195 555 1546 640 quisquam
1592 553 1965 632 decesserit,
1994 574 2120 637 per
2144 550 2273 619 hoc
2316 560 2583 638 tempus
2627 552 2846 637 requi·

543 664 724 741 ritur,
752 683 886 746 quo
916 670 1171 727 certum
1201 681 1346 726 esse
1375 659 1665 743 coeperit
1695 656 1951 722 nullum
1982 678 2072 721 ex
2099 666 2505 723 testamento
2531 655 2847 722 heredem

544 775 968 833 extaturum:
1015 775 1159 830 tum
1205 764 1382 829 enirn
1422 763 1684 847 proprie
1726 761 2003 846 quisque
2047 761 2454 845 intellegitur
2492 762 2845 828 intestatus

543 871 922 936 decessisse.
994 870 1174 953 quod
1200 869 1469 953 quidem
1497 868 1853 950 aliquando
1878 866 2081 949 longo
2112 875 2411 951 tempore
2441 864 2847 933 declaratur:

541 974 611 1039 in
655 994 788 1057 quo
833 972 1050 1057 spatio
1095 970 1410 1055 temporis
1464 992 1664 1054 saepe
1706 969 1965 1048 accidit,
2006 978 2086 1035 ut
2131 969 2539 1053 proximiore
2582 978 2847 1034 mortuo

540 1078 890 1162 proximus
921 1098 1066 1143 esse
1095 1077 1384 1159 incipiat,
1418 1077 1532 1159 qui
1571 1076 1894 1141 moriente
1928 1082 2249 1139 testatore
2286 1094 2418 1139 non
2455 1083 2598 1139 erat
2640 1093 2847 1158 prox·-

484 1188 520 1243 7
545 1184 734 1248 imuS.
850 1181 1162 1245 Placebat
1219 1189 1444 1245 autem
1487 1180 1554 1245 in
1601 1200 1683 1244 eo
1740 1198 1981 1262 genere
2026 1178 2595 1262 percipiendarum
2657 1177 2847 1243 here-

542 1287 834 1351 ditatum
879 1284 1364 1349 successionem
1408 1304 1542 1348 non
1587 1302 1749 1361 esse,
1780 1283 1847 1346 id
1878 1290 1980 1348 est
2010 1290 2099 1363 ut,
2132 1274 2433 1366 quainvis
2477 1283 2843 1366 proximus,

542 1392 658 1474 qui
702 1390 1065 1455 secundum
1109 1410 1189 1453 ea
1234 1408 1406 1471 quae
1447 1385 1743 1454 diximus
1785 1395 2059 1452 vocatur
2100 1386 2189 1451 ad
2232 1386 2688 1463 hereditatem,
2729 1396 2847 1452 aut

543 1494 859 1579 spreverit
909 1491 1349 1559 hereditatem
1396 1498 1513 1557 aut
1564 1499 1924 1575 antequam
1977 1491 2176 1556 adeat
2223 1490 2592 1569 decesserit,
2640 1490 2845 1556 nihilo

543 1596 759 1681 magis
817 1596 1113 1681 legitimo
1173 1596 1312 1660 iure
1371 1603 1723 1679 sequentes
1786 1592 2247 1661 admittuntur.
2366 1596 2544 1679 quod
2603 1594 2843 1660 iterum

543 1710 882 1786 praetores
910 1700 1296 1784 imperfecto
1327 1698 1466 1763 iure
1509 1698 1915 1783 corrigentes
1944 1718 2077 1763 non
2108 1699 2173 1762 in
2206 1707 2424 1765 totum
2455 1699 2597 1764 sine
2631 1700 2845 1765 admi-

545 1804 763 1871 niculo
795 1803 1273 1889 relinquebant,
1303 1804 1422 1870 sed
1469 1824 1558 1869 ex
1603 1812 2036 1886 cognatorum
2084 1803 2315 1869 ordine
2351 1824 2466 1869 eos
2495 1804 2843 1882 vocabant,

545 1919 779 1995 utpote
827 1910 1250 1993 adgnationis
1308 1909 1448 1973 iure
1507 1906 1602 1974 eis
1662 1908 1933 1973 recluso,
2038 1907 2159 1972 sed
2220 1928 2341 1974 nos
2396 1908 2557 1973 nihil
2614 1910 2845 1977 deesse

544 2013 1022 2097 perfectissimo
1081 2013 1204 2077 iuri
1263 2013 1602 2097 cupientes
1667 2020 1895 2076 nostra
1953 2012 2425 2078 constitutione
2478 2012 2841 2089 sanximus,

543 2138 746 2201 quam
792 2118 878 2182 de
919 2117 1058 2182 iure
1100 2125 1487 2201 patronatus
1533 2115 1948 2179 humanitate
1996 2125 2392 2198 suggerente
2430 2114 2843 2199 protulimuS,

543 2220 1025 2287 successionem
1056 2218 1123 2284 in
1153 2221 1593 2303 adgnatorum
1630 2217 2109 2284 hereditatibus
2152 2237 2284 2283 non
2330 2237 2474 2283 esse
2509 2220 2605 2284 eis
2645 2221 2847 2286 dene-

542 2324 854 2406 gandam,
891 2344 1043 2388 cum
1091 2324 1250 2387 satis
1293 2323 1656 2388 absurdum
1702 2331 1858 2399 erat,
1888 2322 2071 2405 quod
2116 2323 2416 2407 cognatis
2456 2342 2497 2387 a
2540 2332 2845 2407 praetore

544 2436 849 2511 apertum
903 2436 1022 2505 est,
1075 2426 1203 2493 hoc
1262 2428 1572 2511 adgnatis
1632 2446 1777 2491 esse
1828 2426 2172 2504 reclusum,
2224 2428 2521 2494 maxime
2571 2447 2721 2493 curn
2773 2428 2844 2492 in

544 2550 747 2596 onere
796 2532 1067 2614 quidem
1115 2529 1474 2598 tutelarum
1529 2538 1598 2596 et
1647 2530 1863 2615 primo
1910 2530 2119 2615 gradu
2167 2530 2515 2597 deficiente
2563 2552 2843 2616 sequens

544 2635 842 2701 succedit
885 2645 973 2713 et,
1007 2637 1188 2720 quod
1234 2636 1301 2700 in
1347 2655 1549 2702 onere
1594 2635 1957 2721 optinebat,
1996 2657 2129 2701 non
2175 2646 2317 2704 erat
2362 2636 2430 2701 in
2475 2635 2656 2703 lucro
2700 2655 2846 2721 per-

544 2739 842 2805 missum.

485 2849 522 2906 8
631 2843 748 2909 Ad
809 2844 1174 2929 legitimam
1232 2846 1714 2912 successionem
1775 2847 1979 2914 nihilo
2040 2846 2255 2914 minus
2309 2856 2585 2912 vocatur
2642 2847 2846 2912 etiam

544 2967 799 3032 parenS,
846 2949 959 3033 qui
1010 2959 1350 3017 contracta
1401 2949 1640 3018 fiducia
1688 2951 1896 3016 filium
1946 2950 2052 3016 vel
2102 2951 2326 3027 filiam,
2374 2960 2687 3034 nepotem
2736 2948 2845 3014 vel

545 3061 816 3136 neptem
847 3073 924 3118 ac
955 3054 1268 3140 deinceps
1315 3056 1708 3140 emancipat.
1796 3055 1975 3140 quod
2006 3077 2096 3120 ex
2124 3063 2346 3120 nostra
2376 3053 2847 3121 constitutione

545 3157 931 3224 omnimodo
991 3159 1343 3237 inducitur,
1405 3170 1481 3225 ut
1555 3160 2113 3244 emancipationes
2170 3158 2525 3224 liberorum
2585 3177 2847 3242 semper

543 3262 894 3328 videantur
952 3273 1290 3330 contracta
1357 3263 1600 3329 fiducia
1668 3264 1825 3342 fieri,
1884 3284 2035 3330 curn
2101 3263 2279 3346 apud
2345 3262 2651 3346 antiquos
2710 3280 2847 3326 non

546 3365 740 3431 aliter
780 3366 910 3434 hoc
953 3368 1321 3451 optinebat,
1361 3366 1486 3432 nisi
1528 3367 1902 3451 specialiter
1944 3375 2285 3432 contracta
2328 3363 2571 3429 fiducia
2608 3384 2848 3448 parens

545 3471 1054 3536 manumisisset.

617 3697 646 3772 ξ
673 3703 727 3758 ’1.
768 3701 882 3754 For
906 3699 1003 3754 the
1028 3700 1137 3756 last
1163 3699 1306 3756 lines
1331 3699 1398 3756 of
1413 3699 1528 3755 this
1553 3698 1771 3755 section
1797 3699 1867 3754 cf.
1894 3699 2000 3755 Bk.
2026 3697 2062 3755 i.
2095 3711 2156 3767 17
2183 3698 2299 3754 and
2324 3709 2488 3756 notes
2511 3715 2667 3771 supr.

617 3785 648 3852 ξ
675 3787 734 3838 8.
773 3783 978 3838 Under
1011 3783 1109 3838 the
1144 3783 1242 3838 old
1277 3792 1490 3852 system
1517 3782 1584 3837 of
1609 3781 2031 3853 emancipation
2057 3782 2135 3853 (p.
2164 3795 2261 3851 137
2286 3781 2461 3854 supr.)
2501 3783 2550 3837 if
2577 3784 2675 3840 the
2710 3779 2847 3839 final

544 3865 957 3922 manumission
993 3866 1058 3922 of
1086 3867 1182 3921 the
1221 3865 1375 3921 child
1399 3882 1514 3921 was
1551 3866 1723 3922 made
1757 3865 1835 3936 by
1858 3866 1957 3922 the
1993 3865 2258 3921 fictitious
2286 3866 2519 3936 vendee,
2544 3867 2643 3923 the
2679 3867 2846 3923 latter

543 3949 884 4018 technically
907 3949 1144 4004 became
1181 3957 1422 4018 patron;
1459 3948 1641 4004 hence
1678 3945 1721 4004 it
1759 3965 1875 4005 was
1910 3950 2073 4004 usual
2108 3949 2195 4004 for
2230 3948 2350 4005 him
2384 3959 2445 4005 to
2482 3965 2652 4020 agree
2689 3948 2845 4020 (con-

542 4043 726 4090 tracta
762 4030 992 4101 fiducia)
1030 4041 1090 4086 to
1127 4032 1263 4087 hold
1299 4033 1398 4089 the
1435 4031 1556 4087 iura
1591 4041 1923 4103 patronatus
1960 4032 2018 4088 in
2056 4043 2199 4088 trust
2235 4033 2323 4088 for
2349 4035 2450 4090 the
2484 4032 2685 4089 father.
2759 4033 2847 4102 By

547 4117 687 4172 Cod.
716 4117 766 4172 8.
790 4130 876 4185 49.
904 4115 954 4184 6,
979 4113 1262 4185 Justinian
1299 4116 1540 4172 enacted
1575 4115 1697 4171 that
1735 4133 1905 4186 every
1928 4115 2348 4187 emancipation
2384 4116 2565 4172 under
2599 4115 2691 4171 his
2720 4131 2846 4170 new

543 4201 690 4256 form
726 4198 932 4255 should
965 4198 1040 4254 be
1075 4199 1250 4254 taken
1285 4208 1346 4254 to
1382 4199 1456 4254 be
1493 4198 1664 4255 made
1700 4199 1883 4255 under
1921 4201 2065 4254 such
2106 4217 2144 4255 a
2182 4208 2325 4254 trust
2368 4207 2713 4270 agreement,
2750 4197 2846 4254 i.e.

545 4283 750 4342 should
773 4283 919 4338 have
944 4283 1040 4340 the
1077 4299 1235 4340 same
1259 4282 1472 4352 effects,
1497 4281 1555 4338 in
1588 4293 1811 4353 respect
1847 4282 1915 4338 of
1934 4281 2343 4354 guardianship
2378 4282 2493 4339 and
2521 4279 2846 4338 succession

547 4366 790 4438 (subject
825 4375 885 4422 to
921 4367 1084 4422 other
1119 4365 1512 4424 intermediate
1550 4366 1818 4437 changes,
1854 4383 1955 4423 see
1989 4383 2063 4421 on
2102 4366 2211 4422 Tit.
2248 4382 2289 4422 1.
2322 4379 2384 4436 ις
2412 4365 2587 4437 supr.)
2624 4381 2690 4422 as
2729 4363 2778 4422 if
2804 4364 2847 4420 it

545 4449 662 4508 had
685 4450 832 4511 been
857 4449 1098 4508 effected
1121 4449 1200 4522 by
1221 4450 1320 4508 the
1344 4449 1442 4506 old
1464 4450 1702 4509 method
1726 4449 1859 4506 with
1884 4467 1958 4508 an
1984 4450 2171 4508 actual
2195 4448 2417 4506 fiducia.

2130 4739 2261 4822 ἱ
