3230 5116
591 396 716 487 358
992 405 1142 462 INS
1146 403 1291 461 TIT
1294 403 1406 460 UT
1401 402 1695 459 IONUM
1731 402 1969 458 LIBRI
2006 402 2479 475 QUATTUOR.
2654 404 2785 471 [Lib.
2806 408 2899 460 111.

589 574 692 639 his
753 570 976 656 palam
1037 580 1139 637 est
1210 569 1609 654 intellegere,
1668 568 2234 653 quemadmodum
2295 568 2569 635 ulterius
2629 590 2899 653 quoque

588 678 832 760 gradus
873 695 1215 739 numerare
1255 674 1618 739 debemus:
1663 674 1910 756 quippe
1951 694 2212 756 semper
2239 684 2557 756 generata
2592 693 2900 756 quaeque

589 799 868 863 persona
896 778 1176 862 gradum
1206 778 1468 853 adiciat,
1502 788 1577 841 ut
1606 776 1804 860 Ionge
1834 776 2091 841 facilius
2124 778 2210 841 sit
2240 778 2657 860 respondere,
2686 786 2898 860 quoto

588 885 868 968 quisque
889 884 1098 966 gradu
1123 884 1224 957 sit,
1246 902 1447 966 quam
1470 882 1736 965 propria
1757 882 2169 964 cognationis
2194 881 2639 965 appellatione
2662 902 2899 965 quem-

529 1010 563 1066 g
588 1006 791 1071 quam
842 987 1177 1051 denotare.
1279 984 1730 1069 Adgnationis
1781 1005 2045 1068 quoque
2096 986 2341 1068 gradus
2400 986 2637 1049 eodem
2694 988 2898 1049 modo

528 1116 564 1171 9
590 1100 1035 1157 numerantur.
1127 1089 1263 1155 Sed
1309 1110 1461 1155 cum
1507 1090 1721 1171 magis
1763 1090 2005 1155 veritas
2054 1089 2319 1155 oculata
2364 1088 2496 1154 fide
2540 1110 2741 1173 quam
2779 1111 2900 1174 per

587 1218 779 1263 aures
825 1196 1065 1261 animis
1117 1194 1463 1259 hominum
1517 1194 1825 1276 infigitur,
1878 1195 2029 1258 ideo
2082 1196 2523 1260 necessarium
2575 1195 2898 1261 duximus

589 1310 743 1384 post
782 1300 1228 1364 narrationem
1267 1297 1595 1380 graduum
1637 1299 1840 1362 etiam
1882 1317 1995 1363 eos
2037 1299 2368 1381 praesenti
2408 1296 2576 1362 libro
2608 1298 2897 1376 inscribi,

539 1432 544 1439 ·
591 1412 917 1487 quatenus
956 1402 1214 1485 possint
1261 1409 1328 1464 et
1371 1400 1637 1465 auribus
1682 1408 1751 1464 et
1796 1401 2204 1485 inspectione
2247 1401 2707 1467 adulescentes
2748 1424 2899 1485 per-

592 1506 1019 1571 fectissimam
1067 1504 1391 1587 graduum
1455 1504 1825 1568 doctrinam
1883 1506 2180 1589 adipisci.
2272 1503 2513 1589 (Locus
2572 1507 2644 1570 in
2690 1505 2899 1569 codice

591 1609 1023 1691 manuscrzspto
1094 1628 1334 1673 vacuus
1389 1608 1510 1689 qui
1556 1608 1964 1690 genealogice
2027 1612 2359 1675 stemmati
2398 1610 2644 1691 fuerat
2694 1610 2895 1674 desti-

591 1712 835 1799 natus.)

501 1824 566 1878 10
651 1817 855 1884 ·111ud
887 1827 1137 1883 certum
1171 1826 1274 1883 est
1304 1817 1390 1882 ad
1421 1817 1686 1883 serviles
1716 1818 2145 1901 cognationes
2176 1818 2357 1883 illam
2388 1828 2643 1903 partem
2674 1820 2895 1899 edicti,

591 1943 724 2006 qua
767 1923 1212 2007 proximitatis
1255 1922 1522 1985 nomine
1561 1922 1885 1986 bonorum
1926 1924 2256 2006 possessio
2296 1924 2721 2006 promittitur,
2762 1944 2894 1987 non

477 2082 484 2089 .
591 2028 957 2110 pertinere:
1013 2046 1166 2091 nam
1227 2046 1348 2089 nec
1407 2024 1542 2088 ulla
1593 2026 1866 2109 antiqua
1925 2024 2072 2109 lege
2128 2026 2282 2092 talis
2341 2029 2652 2109 cognatio
2713 2048 2897 2091 com-

591 2131 971 2215 putabatur.
1033 2130 1150 2197 sed
1182 2139 1406 2196 nostra
1435 2128 1925 2205 constitutione,
1951 2152 2152 2214 quam
2184 2151 2304 2215 pro
2336 2132 2472 2195 iure
2500 2142 2895 2214 patronatus

592 2236 866 2301 fecimus
913 2231 1120 2319 (quod
1167 2236 1266 2298 ius
1313 2255 1524 2316 usque
1575 2234 1662 2297 ad
1718 2245 1942 2299 nostra
1990 2246 2290 2319 tempora
2333 2237 2493 2301 satis
2538 2237 2893 2302 obscurum

589 2348 792 2421 atque
851 2338 1026 2402 nube
1094 2336 1366 2421 plenum
1427 2345 1495 2401 et
1564 2337 1857 2419 undique
1924 2340 2272 2405 confusum
2340 2338 2580 2425 suerat)
2640 2350 2707 2405 et
2764 2339 2895 2405 hoc

589 2441 1004 2505 humanitate
1049 2450 1442 2522 suggerente
1482 2441 1945 2517 concessimus,
1985 2452 2059 2506 ut
2100 2444 2155 2508 si
2185 2444 2333 2525 quis
2376 2444 2440 2505 in
2482 2442 2697 2508 servili
2739 2462 2897 2508 con-

591 2544 794 2610 sortio
838 2543 1236 2609 constitutus
1277 2542 1555 2607 liberum
1598 2542 1705 2608 vel
1751 2544 1991 2611 liberos
2035 2545 2343 2612 habuerit
2379 2548 2516 2613 sive
2563 2569 2651 2611 ex
2688 2546 2896 2612 libera

591 2649 729 2714 sive
772 2649 1021 2714 servilis
1073 2648 1477 2714 condicionis
1529 2648 1817 2724 muliere,
1868 2649 1971 2715 vel
2021 2662 2250 2716 contra
2294 2673 2481 2718 serva
2526 2653 2759 2716 mulier
2802 2673 2895 2716 ex

587 2751 796 2817 libero
841 2753 945 2816 vel
1001 2773 1188 2818 servo
1239 2751 1546 2817 habuerit
1601 2752 1841 2820 liberos
1894 2755 2365 2838 cuiuscumque
2422 2777 2640 2831 sexus,
2684 2765 2752 2821 et
2804 2757 2893 2820 ad

591 2857 968 2923 libertatern
1009 2857 1112 2922 his
1155 2858 1687 2942 pervenientibus
1730 2868 1797 2923 et
1836 2857 1925 2935 hi,
1957 2860 2069 2943 qui
2112 2881 2201 2924 ex
2242 2860 2457 2926 servili
2493 2871 2722 2925 ventre
2754 2861 2895 2925 nati

592 2971 764 3040 sunt,
811 2960 1186 3027 libertatem
1232 2971 1627 3039 meruerunt,
1672 2963 1777 3026 vel
1821 2964 1983 3027 dum
2034 2963 2341 3028 mulieres
2389 2964 2635 3029 liberae
2687 2976 2893 3044 erant,

593 3066 717 3148 ipsi
779 3067 845 3130 in
905 3066 1290 3130 servitutem
1352 3086 1466 3130 eos
1525 3066 1899 3132 habuerunt
1950 3075 2018 3131 et
2075 3078 2309 3151 postea
2368 3067 2454 3132 ad
2516 3066 2893 3132 libertatem

590 3180 1048 3254 pervenerunt,
1111 3179 1185 3234 ut
1243 3169 1310 3233 hi
1373 3190 1603 3233 omnes
1665 3170 1750 3234 ad
1812 3173 2295 3236 successionem
2353 3171 2457 3236 vel
2519 3173 2728 3255 patris
2787 3173 2895 3236 vel

593 3279 822 3343 matris
851 3277 1135 3350 veniant,
1167 3285 1555 3359 patronatus
1599 3276 1737 3338 iure
1780 3277 1846 3339 in
1876 3277 2000 3341 hac
2042 3289 2231 3361 parte
2262 3277 2515 3360 sopito:
2562 3276 2685 3341 hos
2715 3277 2893 3340 enim

589 3379 833 3445 liberos
893 3400 1025 3443 non
1087 3378 1302 3443 solum
1357 3379 1422 3440 in
1475 3398 1742 3442 suorum
1790 3383 2165 3463 parentium
2218 3379 2721 3456 successionem,
2774 3381 2893 3444 sed

591 3485 790 3546 etiam
845 3482 1128 3546 alterum
1179 3482 1247 3544 in
1298 3479 1566 3546 alterius
1624 3491 1925 3547 mutuam
1970 3483 2449 3549 successionem
2491 3484 2893 3562 vocavimus,

592 3607 680 3649 ex
740 3585 853 3649 illa
915 3584 1060 3668 lege
1119 3583 1493 3668 specialiter
1544 3605 1657 3650 eos
1714 3597 2045 3664 vocanteS,
2098 3587 2235 3651 sive
2295 3584 2415 3649 soli
2476 3585 2895 3652 inveniantur

591 3689 802 3772 quiin
844 3691 1157 3754 servitute
1202 3689 1338 3752 nati
1381 3699 1448 3754 et
1488 3699 1719 3772 postea
1769 3690 2154 3755 manumissi
2197 3699 2367 3766 sunt,
2410 3689 2549 3754 sive
2578 3711 2709 3754 una
2739 3711 2892 3756 cum

591 3793 755 3872 aliis,
816 3794 929 3876 qui
988 3801 1141 3877 post
1197 3792 1571 3859 libertatem
1622 3795 1992 3879 parentium
2046 3793 2349 3875 concepti
2410 3802 2562 3858 sunt
2608 3797 2745 3859 sive
2804 3815 2891 3859 ex

591 3897 825 3961 eadem
875 3907 1086 3961 matre
1123 3894 1228 3960 vel
1275 3898 1509 3962 eodem
1545 3906 1735 3981 patre
1779 3897 1915 3962 sive
1961 3917 2049 3960 ex
2088 3895 2237 3961 aliis
2285 3899 2549 3980 nuptiiS,
2591 3899 2675 3963 ad
2714 3899 2893 3963 sirni-

590 4000 938 4066 litudinem
972 4021 1198 4066 eorum
1229 4003 1342 4084 qui
1373 4021 1469 4065 ex·
1494 4003 1683 4067 iustis
1713 4001 1957 4084 nuptiis
1987 4002 2311 4085 procreati
2342 4014 2515 4067 sunt.

661 4190 782 4243 wit.
807 4191 920 4242 VI.
951 4185 978 4257 ξ
1006 4191 1064 4242 9.
1104 4189 1218 4242 For
1245 4204 1282 4243 a
1315 4188 1701 4258 genealogical
1738 4189 1891 4246 table
1920 4188 2235 4260 exhibiting
2269 4189 2367 4245 the
2401 4189 2637 4258 degrees
2672 4190 2739 4244 os
2762 4207 2892 4261 cog-

596 4269 792 4326 nation
817 4287 916 4327 see
945 4272 1213 4326 Hunter’s
1239 4273 1464 4326 Roman
1495 4273 1627 4327 Law
1650 4289 1703 4344 p.
1731 4273 1855 4343 651.

665 4353 692 4426 ξ
721 4357 811 4410 10.
867 4353 949 4409 Cf.
981 4353 1112 4424 Dig.
1139 4354 1222 4422 38.
1268 4355 1316 4409 8.
1351 4369 1392 4409 ι.
1435 4369 1466 4409 2
1509 4355 1647 4410 ‘nec
1705 4357 1859 4411 enim
1906 4356 2071 4413 facile
2106 4357 2222 4412 ulla
2260 4354 2477 4412 servilis
2510 4353 2731 4412 videtur
2766 4373 2893 4414 esse

593 4437 858 4510 cognatio
879 4439 914 4504 ;’
957 4454 1022 4492 so
1047 4447 1161 4505 too,
1187 4436 1246 4492 in
1275 4436 1407 4506 Dig.
1429 4439 1515 4504 38.
1548 4453 1625 4492 10.
1662 4453 1741 4494 10.
1775 4452 1820 4508 5,
1848 4439 1889 4494 it
1916 4439 1964 4494 is
1986 4439 2111 4494 said
2136 4439 2275 4508 that,
2301 4439 2517 4508 though
2542 4439 2757 4508 loosely
2782 4456 2891 4495 one

595 4539 728 4592 may
759 4521 934 4594 speak
961 4521 1026 4576 of
1044 4521 1229 4578 slaves
1255 4537 1320 4577 as
1345 4519 1519 4593 being
1543 4521 1641 4576 kin
1674 4533 1733 4577 to
1758 4537 1869 4579 one
1896 4522 2152 4592 another,
2180 4521 2287 4578 ‘ad
2316 4523 2469 4593 leges
2504 4520 2734 4578 serviles
2760 4537 2892 4594 cog-
