3230 5116
1671 347 1751 410 88

566 525 937 610 nostrisque
1005 522 1418 589 suasionibus
1496 529 1901 604 componant
1977 519 2462 586 institutiones:
2538 529 2612 586 ut
2671 521 2866 587 liceat

563 631 752 696 vobis
796 629 1007 712 prima
1053 628 1277 711 legum
1316 624 1645 690 cunabula
1685 643 1818 689 non
1863 625 1949 688 ab
1994 625 2281 708 antiquis
2321 623 2559 689 fabulis
2591 625 2866 702 discere,

565 735 681 800 sed
735 734 820 798 ab
875 730 1195 815 imperiali
1262 729 1614 812 splendore
1688 737 2004 810 appetere
2071 738 2140 793 et
2212 736 2353 793 tam
2411 743 2610 794 aures
2663 749 2865 812 quam

563 838 827 902 animae
868 845 1125 900 vestrae
1171 832 1331 898 nihil
1385 831 1615 896 inutile
1661 831 1954 915 nihilque
1999 853 2344 916 perperam
2389 834 2700 916 positum,
2746 834 2864 899 sed

563 940 743 1024 quod
776 940 842 1003 in
874 939 1031 1021 ipsis
1068 958 1284 1001 rerum
1323 936 1584 1020 optinet
1626 936 2034 1018 argumentis
2077 937 2439 1018 accipiant:
2487 947 2557 1002 et
2585 938 2764 1021 quod
2799 938 2864 1002 in

562 1044 781 1128 priore
824 1053 1127 1126 tempore
1154 1042 1271 1104 vix
1308 1050 1462 1124 post
1496 1039 2002 1123 quadriennium
2049 1039 2374 1122 prioribus
2419 1041 2864 1124 contingebat,

564 1159 638 1214 ut
713 1159 872 1214 tunc
944 1145 1447 1211 constitutiones
1518 1143 1973 1226 imperatorias
2045 1143 2366 1227 legerent,
2431 1144 2558 1208 hoc
2629 1165 2750 1209 vos
2823 1167 2866 1209 a

562 1250 925 1338 primordio
973 1247 1429 1332 ingrediamini
1477 1247 1660 1330 digni
1713 1255 1901 1312 tanto
1952 1245 2201 1312 honore
2252 1255 2571 1330 tantaque
2623 1250 2865 1332 reperti

562 1354 895 1432 felicitate,
924 1361 999 1418 ut
1030 1362 1096 1417 et
1127 1351 1387 1416 initium
1412 1351 1601 1416 vobis
1648 1359 1715 1414 et
1759 1350 1908 1414 finis
1953 1350 2175 1434 legum
2217 1351 2604 1416 eruditionis
2631 1372 2673 1418 a
2699 1372 2865 1417 voce

504 1471 540 1524 4
565 1456 909 1541 principali
956 1457 1292 1540 procedat.
1384 1455 1598 1540 Igitur
1649 1463 1802 1537 post
1860 1453 2064 1518 libros
2122 1455 2600 1540 quinquaginta
2644 1455 2862 1539 diges-

564 1571 783 1627 torum
812 1582 928 1626 seu
962 1561 1455 1643 pandectarum,
1486 1559 1553 1623 in
1592 1579 1760 1642 quos
1797 1579 1997 1622 omne
2029 1558 2128 1624 ius
2169 1560 2516 1643 antiquum
2548 1559 2864 1626 collatum

566 1672 668 1729 est
697 1662 892 1750 (quos
937 1685 1056 1746 per
1096 1664 1383 1728 eundem
1420 1663 1634 1726 virum
1675 1661 2012 1728 excelsum
2045 1661 2518 1727 Tribonianum
2567 1685 2687 1729 nec
2731 1684 2864 1728 non

566 1777 819 1832 ceteros
870 1767 1043 1831 viros
1095 1767 1379 1831 illustres
1438 1775 1507 1832 et
1564 1765 2070 1832 facundissimos
2131 1764 2576 1854 confecimus),
2628 1767 2695 1830 in
2742 1767 2865 1832 hos

566 1879 880 1954 quattuor
918 1870 1121 1936 libros
1174 1872 1439 1935 easdem
1494 1869 1938 1934 institutiones
1985 1870 2209 1952 partiri
2258 1870 2580 1949 iussimus,
2620 1880 2694 1935 ut
2733 1872 2864 1936 sint

506 1983 541 2038 5
567 1975 771 2040 totius
815 1974 1157 2060 legitimae
1208 1973 1523 2040 scientiae
1572 1973 1790 2058 prima
1839 1973 2189 2040 elementa.
2281 1973 2539 2060 Quibus
2583 1976 2866 2044 breviter

567 2078 947 2162 expositum
978 2087 1078 2144 est
1112 2089 1182 2146 et
1212 2078 1390 2162 quod
1433 2086 1632 2144 antea
1672 2078 2017 2160 optinebat
2061 2087 2130 2142 et
2160 2079 2338 2164 quod
2370 2087 2604 2162 postea
2634 2079 2865 2146 desue-

565 2181 795 2248 tudine
852 2183 1299 2248 inumbratum
1357 2183 1443 2248 ab
1504 2181 1824 2267 imperiali
1885 2183 2175 2248 remedio
2237 2181 2675 2248 illuminatum
2741 2196 2863 2251 est.

504 2291 541 2346 6
568 2285 755 2370 Quas
795 2308 882 2350 ex
928 2287 1232 2352 omnibus
1275 2287 1697 2370 antiquorum
1743 2286 2262 2352 institutionibus
2292 2295 2359 2352 et
2391 2287 2740 2372 praecipue
2775 2309 2864 2354 ex

564 2391 1055 2456 commentariis
1116 2389 1265 2454 Gaii
1333 2389 1539 2454 nostri
1612 2397 1756 2454 tam
1830 2390 2316 2455 institutionum
2389 2411 2590 2474 quam
2650 2411 2863 2456 rerum

563 2493 1073 2558 cottidianarum
1124 2492 1401 2578 aliisque
1450 2491 1677 2558 multis
1729 2494 2217 2558 commentariis
2266 2494 2668 2579 compositas
2713 2516 2864 2562 cum

562 2607 699 2662 tres
740 2597 1058 2680 praedicti
1097 2597 1218 2662 viri
1266 2597 1626 2682 prudentes
1684 2599 1876 2662 nobis
1927 2598 2325 2681 optulerunt,
2361 2610 2430 2664 et
2472 2600 2752 2683 legimus
2796 2611 2866 2666 et

564 2701 990 2785 cognovimus
1034 2710 1103 2766 et
1146 2701 1600 2786 plenissimum
1649 2709 2022 2769 nostrarum
2083 2704 2624 2769 constitutionum
2669 2704 2866 2769 robur

564 2806 661 2869 eis
694 2806 1363 2871 accommodavimus.

504 2921 539 2974 7
656 2908 935 2977 Summa
995 2913 1220 2997 itaque
1292 2932 1423 2996 ope
1488 2921 1558 2979 et
1624 2911 1820 2979 alacri
1897 2913 2117 2979 studio
2183 2914 2304 2979 has
2363 2913 2544 2999 leges
2605 2925 2865 2981 nostras

564 3015 843 3101 accipite
889 3024 959 3081 et
1000 3026 1262 3083 vosmet
1314 3017 1493 3102 ipsos
1540 3016 1634 3084 sic
1688 3017 1982 3083 eruditos
2028 3018 2378 3095 ostendite,
2427 3027 2502 3084 ut
2551 3038 2704 3103 spes
2744 3040 2865 3085 vos

564 3120 1002 3205 pulcherrima
1040 3121 1261 3189 foveat
1304 3130 1453 3188 toto
1494 3120 1793 3207 legitimo
1837 3142 2037 3207 opere
2082 3122 2375 3207 perfecto
2415 3144 2612 3209 posse
2664 3124 2864 3190 etiam

564 3233 859 3291 nostram
926 3246 1065 3292 rem
1130 3224 1467 3309 publicam
1540 3226 1607 3291 in
1681 3227 1979 3310 partibus
2054 3226 2192 3292 eius
2255 3228 2446 3292 vobis
2519 3229 2865 3295 credendis

560 3330 948 3412 gubernare.

652 3432 835 3496 Data
886 3430 1238 3497 undecimo
1287 3431 1607 3498 kalendas
1661 3430 2064 3497 Decembres
2116 3430 2690 3515 Constantinopoli
2743 3436 2864 3499 do-

566 3533 744 3599 mino
790 3542 1013 3602 nostro
1062 3534 1427 3600 Iustiniano
1470 3544 1794 3621 perpetuo
1839 3533 2150 3619 Augusto
2197 3535 2464 3601 tertium
2509 3538 2797 3603 consule.
