3230 5116
605 381 732 468 338
1014 385 1723 444 INSTJTUTJONUM
1757 384 1999 442 [ΑΒΕ]
2034 384 2204 458 QUA
2217 386 2511 446 TTUOR.
2664 389 2796 456 [mh.
2820 394 2917 448 111.

613 549 1018 638 procedente
1059 551 1264 619 etiam
1307 549 1626 636 nuptialia
1664 549 2105 616 instrumenta
2147 571 2301 618 cum
2340 573 2421 617 ea
2457 551 2683 618 fecerit
2714 551 2917 616 filios-

615 678 748 742 que
775 657 884 723 vel
914 657 1082 723 filias
1110 657 1453 722 habuerit:
1499 675 1632 720 non
1662 655 1879 720 solum
1904 677 2024 721 eos
2067 655 2327 733 liberos,
2359 657 2471 740 qui
2502 667 2655 741 post
2684 658 2921 721 dotem

614 762 776 828 editi
836 773 1008 840 sunt,
1069 761 1278 828 iustos
1335 771 1404 826 et
1461 760 1529 826 in
1589 768 1929 844 potestate
1979 781 2124 826 esse
2170 761 2485 846 patribuS,
2532 762 2651 828 sed
2710 763 2919 826 etiam

609 868 988 944 anteriores,
1021 867 1136 951 qui
1168 876 1236 932 et
1265 863 1367 931 his
1396 865 1510 950 qui
1540 874 1780 948 postea
1827 865 1965 931 nati
2002 875 2157 931 sunt
2191 867 2606 931 occasionem
2636 865 2919 949 legitimi

610 971 895 1036 nominis
938 971 1452 1054 praestiterunt:
1496 969 1679 1052 quod
1724 969 2027 1052 optinere
2070 970 2462 1049 censuimuS,
2494 969 2753 1034 etiamsi
2784 989 2919 1032 non

608 1075 936 1158 progeniti
983 1073 1226 1140 suerint
1265 1081 1420 1158 post
1465 1072 1693 1137 dotale
1741 1072 2253 1138 instrumentum
2304 1073 2677 1138 consectum
2728 1072 2921 1137 liberi

607 1179 715 1244 vel
769 1177 973 1242 etiam
1035 1177 1173 1242 nati
1233 1179 1320 1242 ab
1373 1176 1499 1241 hac
1557 1176 1708 1242 luce
1758 1175 2078 1242 subtracti
2138 1176 2399 1243 suerint.
2490 1177 2599 1242 Ita
2644 1176 2921 1241 demum

608 1289 838 1346 tamen
880 1301 1088 1362 nepos
1131 1281 1434 1365 neptisve
1478 1289 1546 1345 et
1587 1299 1920 1363 pronepos
1963 1281 2390 1363 proneptisve
2424 1300 2691 1345 suorum
2732 1279 2921 1344 here-

608 1387 770 1449 dum
801 1404 1076 1448 numero
1120 1393 1292 1464 sunt,
1325 1383 1380 1448 si
1414 1383 1817 1468 praecedens
1861 1404 2144 1467 persona
2188 1384 2454 1449 desierit
2485 1384 2551 1447 in
2584 1392 2921 1468 potestate

609 1487 904 1571 parentis
947 1507 1110 1566 esse,
1139 1488 1279 1552 sive
1324 1495 1536 1552 morte
1581 1487 1650 1552 id
1699 1487 2013 1552 acciderit
2058 1488 2197 1552 sive
2240 1487 2370 1552 alia
2412 1489 2685 1564 ratione,
2714 1487 2921 1552 veluti

613 1589 1177 1673 emancipatione:
1238 1609 1396 1654 nam
1442 1590 1498 1654 si
1543 1611 1664 1674 per
1713 1589 1783 1655 id
1830 1599 2113 1674 tempus,
2157 1611 2293 1674 quo
2341 1592 2490 1674 quis
2534 1600 2918 1674 moreretur,

611 1693 787 1759 filius
838 1695 906 1759 in
951 1703 1288 1778 potestate
1336 1695 1476 1759 eius
1523 1695 1627 1775 sit,
1658 1715 1868 1778 nepos
1905 1716 1993 1760 ex
2034 1717 2116 1760 eo
2160 1717 2315 1761 suus
2358 1695 2551 1761 heres
2597 1717 2743 1761 esse
2787 1715 2921 1759 non

610 1807 856 1880 potest.
929 1799 1130 1882 idque
1159 1807 1227 1864 et
1256 1799 1323 1862 in
1353 1801 1588 1864 ceteris
1619 1799 1929 1882 deinceps
1959 1798 2315 1865 liberorum
2340 1800 2637 1884 personis
2668 1799 2921 1864 dictum

612 1901 1071 1988 intellegimus,
1159 1903 1452 1986 postumi
1481 1923 1763 1986 quoque,
1784 1902 1915 1986 qui,
1940 1903 1995 1967 si
2023 1904 2175 1968 vivo
2204 1912 2479 1986 parente
2508 1905 2649 1968 nati
2678 1911 2923 1979 essent,

554 2017 591 2074 3
617 2006 684 2072 in
714 2016 1052 2091 potestate
1080 2007 1282 2074 futuri
1322 2007 1559 2085 forent,
1592 2007 1693 2071 sui
1724 2006 1999 2072 heredes
2044 2017 2219 2073 sunt.
2309 2007 2430 2074 Sui
2460 2018 2687 2073 autem
2718 2009 2923 2072 etiam

615 2113 992 2195 ignorantes
1031 2112 1199 2178 fiunt
1241 2111 1519 2178 heredes
1565 2121 1651 2192 et,
1685 2112 1841 2177 licet
1884 2112 2107 2177 furiosi
2154 2113 2303 2190 sint,
2334 2113 2612 2177 heredes
2642 2121 2922 2195 possunt

507 2291 514 2298 ¹
617 2217 942 2280 existere:
990 2216 1146 2299 quia
1180 2217 1422 2299 quibus
1453 2237 1542 2280 ex
1573 2216 1787 2281 causis
1822 2216 2277 2299 ignorantibus
2315 2217 2683 2300 adquiritur
2711 2217 2921 2293 nobis,

617 2339 708 2380 ex
766 2318 870 2382 his
929 2319 1144 2383 causis
1205 2327 1273 2384 et
1331 2319 1591 2384 furiosis
1650 2321 1911 2404 adquiri
1970 2330 2210 2404 potest.
2302 2329 2371 2386 et
2428 2321 2657 2386 statim
2708 2330 2923 2384 morte

617 2421 910 2504 parentis
967 2422 1158 2503 quasi
1207 2423 1634 2487 continuatur
1689 2423 2098 2491 dominium:
2174 2434 2242 2489 et
2302 2424 2453 2489 ideo
2512 2444 2633 2489 nec
2684 2423 2925 2489 tutoris

617 2523 1013 2590 auctoritate
1082 2544 1250 2608 opus
1314 2535 1416 2591 est
1481 2526 1549 2591 in
1619 2526 1905 2611 pupilliS,
1972 2548 2123 2594 cum
2198 2528 2399 2594 etiam
2468 2526 2927 2612 ignorantibus

617 2630 986 2713 adquiritur
1033 2629 1168 2693 suis
1216 2629 1570 2696 heredibus
1620 2631 1993 2699 hereditas:
2068 2654 2188 2699 nec
2242 2634 2560 2699 curatoris
2602 2652 2925 2698 consensu

557 2742 594 2797 4
616 2734 987 2820 adquiritur
1036 2733 1296 2815 furioSO,
1349 2738 1467 2801 sed
1521 2735 1667 2820 ipso
1718 2737 1875 2802 iure.
1967 2737 2314 2803 Interdum
2359 2747 2604 2814 autem,
2650 2736 2805 2802 licet
2855 2736 2928 2800 in

617 2848 954 2927 potestate
1006 2839 1238 2905 mortis
1289 2848 1592 2923 tempore
1644 2863 1801 2905 suus
1851 2841 2044 2907 heres
2110 2864 2243 2908 non
2295 2844 2434 2918 fuit,
2490 2853 2719 2909 tamen
2768 2862 2926 2905 suus

617 2946 810 3012 heres
839 2945 1098 3028 parenti
1133 2944 1426 3024 efficitur,
1455 2943 1660 3009 veluti
1690 2946 1745 3009 si
1776 2944 1862 3009 ab
1892 2945 2195 3011 hostibus
2226 2947 2372 3030 quis
2404 2966 2698 3011 reversus
2727 2945 2927 3010 suerit

561 3065 596 3119 5
621 3059 774 3133 post
815 3059 1099 3113 mortem
1144 3048 1350 3130 patris
1393 3048 1530 3113 sui:
1579 3049 1679 3113 ius
1722 3050 1897 3113 enim
1942 3051 2327 3133 postliminii
2367 3049 2493 3115 hoc
2533 3049 2709 3114 facit.
2800 3049 2929 3113 Per

620 3152 1018 3220 contrarium
1057 3154 1280 3219 evenit
1311 3162 1400 3233 ut,
1431 3153 1587 3220 licet
1631 3154 1779 3237 quis
1824 3155 1892 3219 in
1935 3154 2185 3220 familia
2229 3154 2521 3220 defuncti
2568 3154 2655 3219 sit
2695 3153 2929 3218 mortis

619 3268 940 3343 tempore,
987 3267 1215 3323 tamen
1263 3279 1419 3323 suus
1471 3258 1666 3324 heres
1720 3280 1852 3324 non
1902 3260 2037 3339 fiat,
2077 3261 2281 3326 veluti
2334 3260 2389 3324 si
2441 3268 2594 3343 post
2640 3268 2928 3323 mortem

621 3382 811 3426 suam
867 3369 1058 3445 pater
1106 3361 1432 3427 iudicatus
1480 3363 1677 3427 fuerit
1740 3384 1888 3429 reus
1961 3363 2427 3448 perduellionis
2486 3383 2563 3429 ac
2622 3382 2741 3445 per
2797 3362 2928 3428 hoc

622 3463 942 3529 memoria
993 3462 1133 3529 eius
1180 3465 1498 3531 damnata
1544 3467 1777 3534 fuerit:
1847 3490 2041 3533 suum
2092 3469 2267 3533 enim
2314 3467 2629 3532 heredem
2676 3465 2927 3531 habere

623 3588 757 3633 non
802 3576 1040 3651 potest,
1071 3566 1224 3635 cum
1267 3568 1463 3636 fiscus
1509 3570 1570 3635 ei
1613 3572 1929 3638 succedit.
2018 3571 2135 3637 sed
2172 3580 2397 3656 potest
2437 3570 2567 3635 dici
2610 3570 2757 3654 ipso
2787 3569 2929 3635 iure

629 3866 707 3921 13.
729 3870 811 3925 pr.
843 3873 855 3911 :
891 3852 988 3910 the
1013 3866 1149 3912 note
1172 3871 1248 3910 on
1267 3852 1451 3911 which
1477 3853 1695 3910 section
1722 3854 1832 3910 will
1856 3855 1979 3911 also
2004 3853 2226 3926 explain
2252 3856 2349 3911 the
2368 3854 2551 3911 words
2579 3854 2595 3884 ‘
2610 3854 2705 3927 qui
2732 3865 2788 3912 et
2810 3854 2927 3925 his,

624 3936 718 4009 qui
745 3948 946 4008 postea
969 3938 1088 3994 nati
1114 3947 1262 4009 sunt,
1288 3937 1650 3995 occasionem
1676 3938 1914 4008 legitimi
1938 3939 2186 3995 nominis
2212 3939 2645 4010 praestiterunt!

697 4019 725 4091 ξ
754 4024 812 4077 8.
851 4022 948 4077 Sui
975 4022 1233 4091 heredeS,
1252 4022 1529 4091 however,
1551 4022 1721 4077 could
1746 4032 1847 4077 not
1870 4023 1945 4079 be
1967 4022 2298 4094 prejudiced
2317 4022 2540 4093 against
2558 4022 2706 4078 their
2724 4020 2834 4075 will
2848 4021 2930 4092 by

625 4120 660 4159 a
685 4104 964 4161 damnosa
987 4104 1290 4175 hereditaS,
1315 4122 1379 4161 as
1404 4105 1542 4176 they
1567 4106 1811 4176 enjoyed
1848 4108 1945 4162 the
1981 4106 2303 4178 praetorian
2342 4105 2359 4136 ‘
2376 4105 2716 4161 beneficium
2753 4103 2930 4160 absti-

623 4186 799 4242 nendi
819 4189 833 4217 '
857 4189 1109 4244 whether
1134 4188 1317 4247 called
1341 4198 1401 4245 to
1426 4189 1673 4247 succeed
1698 4190 1881 4248 under
1902 4208 1939 4247 a
1962 4190 2073 4246 will
2098 4207 2164 4246 or
2186 4191 2260 4247 ab
2286 4188 2591 4246 intestato:
2630 4204 2727 4246 see
2745 4188 2849 4243 Bk.
2867 4186 2923 4247 ii.

631 4284 712 4340 19.
739 4284 772 4325 2
798 4271 913 4326 and
936 4282 1102 4327 notes
1125 4290 1274 4344 supr.

699 4352 728 4426 ξ
755 4357 815 4412 4.
853 4356 968 4411 For
991 4356 1089 4412 the
1114 4355 1200 4412 ius
1224 4355 1554 4428 postliminii
1581 4374 1679 4413 see
1704 4374 1778 4413 on
1806 4358 1908 4414 Bk.
1938 4372 1983 4414 1.
2009 4372 2087 4413 12.
2120 4370 2146 4428 5
2175 4374 2328 4429 supr.

700 4436 729 4508 ξ
757 4442 815 4493 5.
855 4440 940 4493 Of
964 4440 1060 4495 the
1092 4450 1236 4495 term
1269 4440 1583 4511 perduellio
1610 4442 1817 4498 Festus
1847 4460 1978 4512 says
2012 4441 2223 4497 ‘hostis
2263 4440 2418 4512 apud
2461 4440 2725 4512 antiquos
2768 4456 2927 4510 pere-

603 4538 612 4551 ·
626 4520 820 4593 grinus
847 4522 1157 4594 dicebatur,
1183 4534 1240 4579 et
1266 4524 1359 4595 qui
1386 4541 1539 4580 nunc
1564 4525 1748 4581 hostis
1774 4524 2087 4596 perduellio
2112 4527 2156 4582 :’
2190 4527 2289 4582 the
2315 4524 2534 4581 offenee
2554 4524 2601 4580 is
2623 4522 2849 4582 defined
2869 4522 2929 4578 in
