3230 5116
391 436 492 487 Tit.
516 431 590 497 9.]
869 430 992 485 DE
1031 429 1457 487 BONORUM
1489 431 2225 494 POSSESSIONIBUS.
2559 432 2689 519 365

390 616 673 679 quoque,
701 596 816 680 qui
856 606 1033 662 recte
1073 597 1250 663 sacto
1293 608 1697 665 testamento
1731 600 2007 667 heredes
2048 603 2328 669 instituti
2368 590 2540 686 sunt,
2571 608 2691 674 dat

389 702 755 766 secundum
799 701 1061 767 tabulas
1104 704 1428 766 bonorum
1467 706 1993 785 possessionem:
2040 709 2201 773 item
2242 710 2331 773 ab
2372 711 2689 776 intestato

391 825 546 869 suos
598 804 872 869 heredes
924 815 994 870 et
1044 808 1373 890 adgnatos
1421 809 1506 874 ad
1555 808 1875 873 bonorum
1926 814 2409 893 possessionem
2455 824 2688 879 vocat:

393 907 511 972 sed
544 917 612 973 et
655 918 913 973 remota
948 931 1212 993 quoque
1256 911 1583 975 bonorum
1629 914 2041 994 possessione
2083 917 2168 979 ad
2209 936 2322 981 eos
2357 916 2691 982 hereditas

390 1014 680 1096 pertinet
739 1014 877 1078 iure
937 1014 1126 1079 civili.
1248 1013 1434 1098 Quos
1492 1023 1719 1079 autem
1789 1027 2055 1100 praetor
2113 1019 2292 1083 solus
2351 1031 2547 1086 vocat
2602 1019 2688 1085 ad
2715 1030 2753 1084 2

391 1116 851 1197 hereditatem,
880 1118 1156 1183 heredes
1186 1119 1455 1202 quidem
1489 1120 1635 1201 ipso
1666 1121 1806 1184 iure
1836 1141 1968 1185 non
2008 1122 2178 1187 fiunt
2206 1120 2390 1208 (nam
2426 1135 2693 1208 praetor

393 1219 710 1287 heredem
768 1222 984 1286 facere
1045 1241 1178 1285 non
1243 1232 1505 1304 potest:
1574 1243 1694 1305 per
1755 1221 1971 1306 legem
2032 1227 2206 1288 enim
2266 1237 2527 1292 tantum
2586 1228 2693 1316 vel

394 1324 675 1390 similem
709 1326 864 1390 iuris
903 1327 1439 1391 constitutionem
1475 1326 1755 1391 heredes
1796 1328 1980 1409 fiunt,
2018 1329 2223 1394 veluti
2267 1352 2386 1415 per
2423 1341 2693 1396 senatus

393 1431 768 1496 consultum
800 1439 869 1495 et
906 1418 1408 1496 constitutiones
1449 1429 1906 1517 principales):
1954 1435 2068 1498 sed
2113 1454 2263 1499 cum
2308 1436 2401 1501 eis
2430 1446 2695 1519 praetor

393 1534 515 1598 dat
573 1534 898 1598 bonorum
951 1536 1451 1619 possessionem,
1499 1534 1650 1600 loco
1699 1536 2020 1601 heredum
2079 1528 2569 1605 constituuntur
2626 1550 2695 1604 et

393 1647 715 1702 vocantur
764 1639 1090 1703 bonorum
1139 1658 1568 1721 possessores,
1646 1640 1861 1705 adhuc
1905 1650 2129 1705 autem
2183 1652 2251 1706 et
2297 1641 2463 1705 alios
2514 1664 2694 1706 com·-

392 1739 616 1825 plures
645 1743 887 1826 gradus
917 1750 1181 1826 praetor
1217 1742 1375 1806 fecit
1415 1742 1480 1806 in
1520 1743 1846 1807 bonorum
1884 1742 2407 1827 possessionibus
2437 1746 2693 1823 dandis,

394 1847 557 1910 dum
619 1847 684 1911 id
745 1848 1005 1930 agebat,
1067 1868 1151 1912 ne
1231 1849 1379 1930 quis
1449 1850 1589 1913 sine
1656 1869 2028 1913 successore
2102 1850 2455 1915 moriatur:
2537 1871 2695 1913 nam

393 1952 877 2033 angustissimis
925 1950 1165 2017 finibus
1212 1954 1645 2017 constitutum
1686 1975 1804 2037 per
1846 1953 2062 2036 legem
2110 1954 2459 2017 duodecim
2504 1954 2695 2017 tabu-

393 2053 606 2119 larum
659 2058 759 2119 ius
813 2056 1383 2141 percipiendarum
1435 2056 1881 2121 hereditatum
1933 2065 2198 2139 praetor
2248 2076 2337 2119 ex
2397 2058 2574 2120 bono
2627 2067 2696 2121 et

394 2180 612 2243 aequo
657 2161 978 2226 dilatavit.
1071 2161 1245 2226 Sunt
1288 2172 1514 2226 autem
1558 2162 1883 2225 bonorum
1930 2161 2381 2244 possessiones
2428 2180 2517 2224 ex
2560 2170 2695 2225 tes·
2722 2175 2757 2229 3

391 2272 694 2329 tamento
745 2266 1016 2348 quidem
1067 2265 1212 2331 hae.
1293 2266 1520 2349 prima,
1575 2288 1747 2349 quae
1799 2264 2170 2350 praeteritis
2221 2264 2443 2329 liberis
2495 2263 2695 2329 datur

392 2378 794 2452 vocaturque
863 2379 1093 2434 contra
1167 2370 1446 2434 tabulas.
1552 2370 1861 2449 secunda,
1921 2389 2121 2451 quam
2181 2370 2487 2432 omnibus
2556 2369 2697 2432 iure

395 2472 654 2555 scriptis
682 2472 1032 2539 heredibus
1055 2484 1320 2557 praetor
1341 2473 1688 2557 pollicetur
1718 2475 1997 2555 ideoque
2028 2481 2301 2537 vocatur
2328 2472 2696 2536 secundum

393 2577 679 2670 tabulas.
748 2589 815 2643 et
847 2597 997 2642 cum
1031 2579 1116 2642 de
1146 2580 1561 2644 testamentis
1591 2579 1769 2662 prius
1801 2577 2057 2642 locutus
2082 2587 2203 2654 est,
2228 2578 2313 2642 ad
2346 2578 2699 2641 intestatos

397 2683 748 2746 transitum
792 2683 966 2748 fecit.
1040 2692 1110 2748 et
1155 2683 1368 2768 primo
1413 2683 1559 2748 loco
1604 2682 1739 2748 suis
1782 2682 2135 2747 heredibus
2180 2689 2249 2746 et
2292 2679 2412 2755 his,
2456 2681 2569 2764 qui
2609 2702 2699 2744 ex

399 2788 619 2853 edicto
669 2789 991 2872 praetoris
1049 2789 1184 2853 suis
1241 2797 1817 2862 connumerantur,
1880 2787 1999 2850 dat
2058 2786 2383 2850 bonorum
2444 2805 2702 2868 posses-

397 2889 652 2956 sionem
681 2912 855 2974 quae
880 2901 1150 2956 vocatur
1179 2893 1354 2956 unde
1385 2891 1606 2956 liberi:
1656 2891 1946 2955 secundo
1970 2890 2284 2972 legitimis
2305 2887 2699 2952 heredibus:

398 2995 597 3059 tertio
627 2995 857 3060 decem
888 2995 1202 3080 personis,
1233 3017 1399 3080 quas
1429 3005 1751 3059 extraneo
1790 2993 2245 3057 manumissori
2285 2991 2702 3076 praeferebat

399 3095 580 3186 (sunt
609 3109 834 3164 autem
867 3101 1096 3164 decem
1130 3121 1447 3185 personae
1477 3099 1644 3164 hae:
1699 3109 1888 3182 pater
1918 3109 2149 3174 mater,
2181 3117 2341 3160 avus
2370 3096 2517 3159 avia
2558 3103 2700 3158 tam

473 3307 587 3379 §a
627 3310 751 3364 The
792 3307 1068 3380 principa!
1111 3325 1272 3363 cases
1311 3308 1380 3362 of
1412 3308 1693 3362 bonorum
1732 3303 2019 3376 possessio
2062 3314 2261 3358 contra
2296 3303 2519 3358 tabulas
2554 3302 2703 3357 have

399 3392 546 3448 been
571 3393 802 3462 already
825 3392 1061 3464 pointed
1086 3403 1182 3447 out
1209 3409 1283 3447 on
1312 3392 1413 3446 Bk.
1443 3389 1496 3444 ii.
1531 3405 1612 3459 ¹3·
1640 3405 1672 3458 3
1698 3405 1849 3459 supr.
1927 3385 2258 3442 Possession
2293 3387 2359 3440 of
2374 3386 2555 3455 goods
2586 3403 2703 3440 was

401 3477 666 3532 awarded
690 3495 764 3531 on
791 3477 1070 3546 intestacy
1089 3485 1148 3530 to
1175 3474 1330 3546 eight
1357 3475 1614 3528 different
1636 3473 1849 3526 classes
1868 3472 1933 3526 of
1950 3486 2203 3540 persons„
2226 3469 2282 3524 in
2301 3470 2399 3524 the
2417 3469 2705 3538 following

399 3560 569 3614 order
591 3559 658 3614 of
673 3559 923 3630 priority,
941 3561 1086 3614 each
1110 3557 1282 3627 being
1305 3557 1510 3612 known
1536 3557 1613 3626 by
1638 3573 1676 3610 a
1698 3555 1978 3611 technical
2006 3569 2176 3610 name
2202 3552 2434 3608 derived
2458 3552 2604 3607 from
2630 3551 2704 3607 its

399 3643 564 3713 place
589 3643 650 3698 in
673 3645 773 3698 the
798 3643 987 3698 edict:

475 3726 554 3795 (1)
597 3726 782 3782 Liben’
812 3746 825 3782 ε
861 3743 960 3782 see
985 3741 1060 3781 on
1085 3724 1195 3780 Tit.
1229 3741 1274 3781 1.
1301 3739 1336 3794 9
1361 3739 1511 3794 supr.

477 3811 556 3880 (2)
599 3809 861 3880 Legitimi
889 3829 902 3864 :
941 3827 1038 3864 see
1063 3826 1138 3863 on
1165 3809 1278 3864 Tit.
1310 3824 1361 3863 2.
1384 3823 1421 3875 4
1455 3824 1607 3877 supr.
1684 3808 1753 3860 In
1790 3804 2119 3860 succession
2157 3811 2218 3857 to
2254 3801 2563 3868 freedmen,
2588 3800 2704 3856 this

401 3894 552 3948 class
589 3893 876 3948 consisted
912 3891 1210 3962 originally
1233 3893 1367 3960 only
1391 3891 1458 3945 os
1485 3891 1582 3946 the
1618 3899 1839 3960 patron,
1876 3888 1967 3942 his
2004 3886 2258 3942 children
2296 3887 2423 3940 who
2456 3884 2571 3940 had
2604 3894 2704 3939 not

402 3977 550 4031 been
575 3978 762 4047 capite
785 3976 1005 4046 minuti,
1032 3975 1148 4030 and
1171 3976 1269 4030 the
1293 3986 1592 4044 patroness
1618 3992 1632 4029 ε
1670 3975 1799 4026 how
1828 3971 1873 4026 it
1899 3988 2013 4026 was
2040 3971 2310 4026 modified
2336 3970 2416 4040 by
2435 3970 2537 4024 the
2564 3969 2705 4025 SC*-

403 4059 812 4116 Tertullianum
837 4061 955 4115 and
982 4059 1322 4115 Orfitianum
1345 4060 1452 4112 has
1476 4058 1623 4112 been
1647 4055 1877 4111 noticed
1902 4071 1976 4108 on
2003 4054 2141 4110 Tits.
2172 4069 2203 4122 3
2229 4053 2345 4110 and
2369 4067 2406 4119 4
2429 4069 2581 4123 supr.

475 4144 556 4213 (3)
597 4147 817 4199 Decem
841 4160 1122 4214 personae
1149 4161 1161 4197 :
1201 4143 1315 4198 this
1341 4144 1488 4196 class
1513 4143 1721 4196 relates
1740 4140 1873 4208 only
1891 4148 1951 4193 to
1973 4138 2295 4193 succession
2322 4147 2382 4192 to
2408 4153 2483 4190 an
2508 4149 2702 4190 eman-

401 4227 626 4298 cipatus
651 4249 667 4296 ς
702 4227 886 4284 under
907 4229 1006 4284 the
1031 4227 1126 4281 old
1154 4229 1278 4296 law,
1305 4227 1468 4280 when
1492 4226 1590 4281 the
1610 4225 1745 4278 final
1770 4233 1863 4277 act
1898 4222 1962 4277 of
1991 4221 2401 4276 manumission
2442 4236 2557 4274 was
2580 4233 2706 4288 per-

401 4309 625 4367 formed
648 4313 727 4382 by
750 4313 848 4368 the
873 4322 1210 4366 extraneous
1241 4310 1460 4365 vendee
1487 4309 1560 4378 (p.
1595 4321 1693 4376 137
1720 4306 1913 4376 supra)
1940 4306 2037 4361 the
2056 4306 2222 4360 latter
2245 4321 2361 4359 was
2385 4299 2707 4374 postponed

403 4395 482 4465 by
517 4397 618 4451 the
667 4406 894 4467 praetor
933 4405 995 4450 to
1034 4395 1108 4450 all
1151 4395 1250 4449 the
1294 4391 1619 4448 deceased’s
1667 4399 1941 4459 cog-nates
1989 4388 2047 4444 in
2096 4389 2194 4444 the
2236 4385 2549 4455 ascending
2588 4383 2707 4439 and

405 4477 759 4547 descending
783 4478 926 4533 lines
951 4478 1146 4533 within
1171 4479 1270 4533 the
1295 4475 1509 4531 second
1533 4475 1758 4544 degree.

479 4559 558 4632 (4)
597 4563 724 4618 The
750 4573 1022 4634 cog-nates
1045 4560 1352 4632 according
1375 4569 1435 4616 to
1459 4557 1779 4632 proximity,
1806 4555 1917 4612 Tit.
1947 4565 1975 4627 5
2002 4571 2154 4627 supr.

3083 4938 3153 4990 A
