3230 5116
587 380 713 465 368
999 389 1148 445 INS
1151 390 1206 444 T
1199 390 1240 445 I
1243 390 1298 444 T
1303 390 1414 446 UT
1407 390 1564 445 ION
1569 389 1701 444 ΠΜ
1734 388 1977 443 LIBRI
2015 388 2485 460 QUATTUOR.
2648 391 2779 458 [Lib.
2802 399 2891 449 111.

525 568 561 621 4
587 555 870 639 septimo
915 554 1055 620 viro
1103 564 1172 619 et
1223 555 1454 619 uxori:
1499 564 1737 619 octavo
1783 555 2095 635 cognatis
2138 554 2660 623 manumissoris.
2752 556 2893 623 Sed

586 680 700 724 ms
744 658 1013 742 quidem
1056 660 1388 743 praetoria
1430 660 1697 723 induxit
1746 659 2125 724 iurisdictio,
2200 660 2391 724 nobis
2440 670 2669 725 tamen
2722 662 2887 725 nihil

587 764 981 827 incuriosum
1045 764 1579 847 praetermissum
1639 772 1761 837 est,
1819 762 1937 855 sed
1998 763 2240 827 nostris
2299 764 2889 829 constitutionibus

585 868 807 930 omnia
842 850 1242 949 corrigentes
1271 876 1502 932 contra
1533 865 1797 931 tabulas
1828 867 2096 949 quidem
2130 876 2199 931 et
2231 868 2595 932 secundum
2628 868 2895 933 tabulas

583 971 906 1035 bonorum
925 972 1373 1054 possessiones
1391 972 1777 1037 admisimus
1796 979 2029 1053 utpote
2054 973 2455 1037 necessarias
2472 974 2894 1052 constitutaS,

589 1095 710 1139 nec
759 1096 892 1139 non
939 1076 1029 1140 ab
1079 1077 1396 1141 intestato
1441 1078 1617 1141 unde
1664 1076 1849 1139 liberi
1897 1085 1966 1141 et
2011 1077 2189 1141 unde
2244 1076 2523 1160 legitimi
2572 1078 2895 1141 bonorum

529 1180 1053 1263 5possessiones.
1163 1180 1358 1263 Quae
1415 1190 1641 1245 autem
1696 1181 1763 1243 in
1812 1181 2135 1263 praetoris
2186 1180 2409 1245 edicto
2456 1183 2694 1264 quinto
2745 1182 2897 1245 loco

587 1283 808 1366 posita
847 1283 1076 1358 suerat,
1109 1284 1177 1347 id
1221 1294 1322 1348 est
1362 1284 1537 1348 unde
1567 1284 1801 1348 decem
1843 1303 2181 1367 personae,
2213 1304 2363 1348 eam
2404 1285 2517 1368 pio
2554 1286 2895 1369 proposito

589 1395 658 1450 et
687 1386 1156 1470 compendioso
1187 1408 1488 1451 sermone
1516 1408 1991 1471 supervacuam
2022 1389 2475 1453 ostendimus:
2532 1410 2695 1453 cum·
2718 1390 2896 1453 enim

589 1491 883 1573 praefata
925 1491 1247 1555 bonorum
1281 1492 1609 1575 possessio
1647 1492 1879 1557 decem
1922 1512 2239 1576 personas
2283 1494 2737 1576 praeponebat
2774 1513 2897 1556 ex-

591 1603 820 1657 traneo
845 1597 1322 1671 manumissori‚
1349 1605 1573 1661 nostra
1603 1597 2005 1671 constitutio,
2032 1616 2235 1679 quam
2260 1598 2348 1661 de
2370 1597 2897 1680 emancipatione

593 1695 948 1761 liberorum
992 1698 1283 1777 fecimus,
1327 1700 1635 1764 omnibus
1679 1700 2062 1783 parentibus
2110 1700 2493 1783 eisdemque
2538 1701 2896 1764 manumis-

593 1802 848 1865 soribus
879 1814 1216 1869 contracta
1255 1804 1494 1869 fiducia
1537 1805 2122 1869 manumissionem
2167 1804 2383 1885 facere
2412 1804 2616 1878 dedit,
2651 1814 2725 1868 ut
2754 1805 2899 1887 ipsa

594 1908 1022 1972 manumissio
1053 1929 1278 1972 eorum
1308 1909 1435 1974 hoc
1465 1911 1532 1973 in
1561 1930 1635 1974 se
1670 1908 1911 1974 habeat
1941 1909 2355 1993 privilegium
2386 1919 2455 1974 et
2490 1928 2899 1993 supervacua

591 2009 714 2073 fiat
770 2013 1108 2094 praedicta
1165 2014 1488 2077 bonorum
1556 2014 1903 2096 possessio,
2006 2012 2272 2076 sublata
2342 2012 2545 2094 igitur
2600 2013 2900 2095 praefata

593 2114 826 2196 quinta
882 2116 1205 2180 bonorum
1263 2118 1680 2202 possessione
1736 2118 1803 2179 in
1854 2117 2134 2199 gradum
2189 2116 2329 2179 eius
2382 2124 2648 2180 sextam
2700 2124 2901 2179 antea

593 2217 918 2283 bonorum
965 2222 1447 2304 possessionem
1484 2220 1872 2285 reduximus
1918 2230 1986 2284 et
2032 2220 2333 2301 quintam
2370 2218 2664 2297 fecimuS,
2697 2239 2899 2302 quam

535 2329 570 2384 6
594 2334 859 2405 praetor
887 2326 1207 2407 proximis
1237 2326 1536 2408 cognatis
1564 2324 1930 2408 pollicetur.
2022 2321 2329 2406 Cumque
2369 2333 2569 2387 antea
2614 2324 2899 2405 septimo

592 2424 744 2491 loco
771 2427 983 2492 fuerat
1013 2429 1335 2493 bonorum
1367 2430 1694 2512 possessio
1724 2437 1867 2493 tum
1898 2448 2101 2511 quam
2143 2448 2234 2491 ex
2274 2427 2526 2492 familia
2562 2436 2630 2491 et
2658 2438 2899 2492 octavo

595 2531 775 2596 unde
813 2532 1001 2597 liberi
1043 2535 1301 2617 patroni
1340 2542 1788 2617 patronaeque
1819 2542 1885 2598 et
1926 2543 2234 2617 parentes
2274 2552 2518 2612 eorum,
2550 2542 2900 2615 utramque

596 2656 715 2718 per
744 2639 1279 2703 constitutionem
1311 2649 1624 2718 nostram,
1653 2660 1854 2722 quam
1894 2638 1979 2702 de
2016 2639 2153 2702 iure
2186 2647 2577 2722 patronatus
2608 2638 2899 2716 fecimus„

595 2743 860 2824 penitus
886 2745 1345 2810 vacuavimus:
1391 2765 1545 2810 cum
1581 2746 1759 2810 enim
1800 2745 1888 2809 ad
1926 2741 2428 2808 similitudinem
2464 2742 2900 2807 successionis

595 2847 1031 2930 ingenuorum
1081 2847 1532 2913 libertinorum
1579 2849 2024 2914 successiones
2074 2849 2429 2931 posuimuS,
2475 2867 2643 2929 quas
2690 2865 2901 2928 usque

595 2952 682 3016 ad
727 2953 1030 3036 quintum
1077 2955 1544 3018 tantummodo
1593 2954 1877 3038 gradum
1922 2952 2380 3030 coartavimus,
2427 2959 2501 3014 ut
2546 2950 2634 3014 sit
2675 2950 2901 3032 aliqua

595 3055 767 3120 inter
796 3056 1114 3140 ingenuos
1149 3067 1218 3122 et
1261 3057 1530 3123 libertos
1562 3057 1945 3134 differentia,
1986 3056 2318 3122 sufficiunt
2355 3055 2449 3120 eis
2478 3063 2621 3118 tam
2664 3062 2899 3119 contra

595 3158 858 3224 tabulas
898 3161 1223 3226 bonorum
1262 3162 1594 3245 possessio
1632 3183 1834 3245 quam
1878 3160 2058 3224 unde
2095 3159 2372 3242 legitimi
2414 3169 2481 3254 et
2523 3158 2703 3222 unde
2744 3175 2901 3238 cog-

593 3340 762 3395 latter
785 3341 832 3394 is
858 3341 1116 3410 avoided,
1141 3357 1209 3396 so
1233 3343 1356 3396 that
1380 3342 1453 3396 he
1478 3341 1747 3396 becomes
1764 3327 1934 3394 'heres
1957 3339 2032 3392 ab
2059 3338 2325 3392 intestato
2348 3355 2365 3401 ;
2400 3337 2497 3390 the
2522 3334 2811 3390 institutus
2836 3333 2897 3388 in

595 3422 694 3477 the
737 3424 846 3478 will
895 3424 1120 3479 obtains
1169 3425 1446 3478 bonorum
1495 3423 1784 3494 possessio
1830 3421 2147 3478 secundum
2190 3419 2412 3474 tabulas
2440 3436 2453 3471 ε
2502 3433 2568 3471 or
2616 3435 2773 3487 upon
2822 3433 2895 3472 an

595 3505 874 3576 intestaey
899 3507 996 3563 the
1021 3517 1292 3577 cognates
1317 3506 1510 3563 obtain
1536 3508 1815 3561 bonorum
1839 3502 2142 3574 possessiO,
2163 3500 2327 3556 while
2352 3500 2511 3555 there
2534 3499 2585 3553 is
2610 3516 2647 3554 a
2672 3517 2811 3556 suus
2836 3517 2901 3556 or

595 3599 805 3658 agnate
829 3607 893 3644 as
919 3591 1098 3645 heres.
1180 3589 1380 3646 Under
1403 3591 1544 3644 such
1571 3588 2012 3644 circumstances
2038 3603 2103 3640 as
2128 3586 2305 3653 these,
2332 3583 2379 3637 if
2397 3584 2493 3638 the
2518 3581 2690 3637 claim
2716 3583 2781 3637 of
2807 3583 2905 3638 the

597 3674 920 3746 praetorian
957 3691 1251 3728 successor
1291 3673 1339 3728 is
1379 3672 1719 3728 overridden
1757 3671 1835 3739 by
1874 3671 1998 3725 that
2040 3669 2108 3724 of
2134 3669 2233 3724 the
2269 3667 2453 3736 herem,
2490 3668 2588 3722 the
2624 3667 2903 3721 bonorum

597 3757 885 3830 possessio
921 3757 970 3812 is
1005 3757 1132 3812 said
1169 3767 1228 3812 to
1264 3757 1338 3812 be
1373 3755 1497 3810 sine
1531 3772 1612 3824 re,
1643 3771 1711 3808 or
1746 3753 2067 3808 ineffectual
2094 3770 2106 3807 ε
2146 3751 2456 3806 ‘bonorum
2492 3749 2782 3820 possessio
2806 3758 2903 3802 aut

595 3859 726 3898 cum
751 3859 813 3896 re
837 3841 1017 3909 datur,
1043 3849 1140 3895 aut
1165 3840 1288 3895 sine
1321 3856 1382 3894 re
1405 3857 1416 3893 ε
1455 3855 1586 3893 cum
1608 3854 1689 3906 re,
1722 3837 1770 3892 si
1808 3836 1857 3891 is
1882 3835 1977 3908 qui
2008 3834 2228 3906 accepit
2252 3851 2384 3889 cum
2410 3834 2613 3888 effectu
2637 3833 2792 3888 bona
2816 3848 2899 3886 re-

603 3925 780 3982 tineat
804 3942 816 3981 ε
855 3924 979 3979 sine
1003 3941 1081 3992 re,
1107 3939 1238 3978 cum
1261 3920 1406 3976 alius
1431 3920 1550 3976 iure
1573 3918 1723 3975 civili
1748 3919 2008 3976 evincere
2033 3917 2407 3974 hereditatem
2432 3915 2612 3988 possit
2629 3918 2643 3944 '
2669 3913 2903 3984 Ulpian‚

597 4025 714 4078 reg.
741 4009 823 4063 28.
859 4022 920 4075 13
947 4025 960 4062 τ
999 4008 1069 4062 cf.
1097 4006 1274 4062 Gaius
1301 4004 1374 4060 iii.
1403 4005 1594 4074 35—38.
1669 4004 1794 4058 The
1818 4005 1938 4058 rule
1964 4019 2115 4072 upon
2143 4001 2252 4057 this
2278 4011 2485 4056 matter
2510 4016 2643 4068 may
2671 3999 2741 4052 be
2766 3998 2899 4051 thus

599 4091 824 4147 stated:
862 4092 1046 4147 where
1082 4091 1242 4145 there
1278 4089 1326 4143 is
1362 4105 1399 4144 a
1434 4088 1692 4143 collision
1727 4087 1984 4143 between
2023 4087 2121 4142 the
2152 4085 2282 4140 civil
2312 4085 2428 4139 and
2453 4083 2551 4139 the
2575 4079 2896 4152 praetorian

603 4174 742 4243 title,
769 4175 866 4230 the
891 4175 1058 4230 latter
1083 4182 1232 4228 must
1269 4171 1422 4241 yield
1457 4180 1516 4226 to
1549 4173 1651 4226 the
1683 4171 1912 4238 former,
1937 4168 2054 4224 and
2076 4169 2149 4224 be
2172 4166 2299 4222 sine
2321 4182 2401 4234 re,
2426 4173 2625 4235 except
2653 4163 2711 4217 in
2736 4178 2901 4217 cases

598 4257 954 4312 ofbonorum
973 4256 1260 4327 possessio
1279 4254 1414 4310 iuris
1429 4253 1609 4310 civilis
1629 4252 1999 4325 impugnandi
2018 4249 2217 4322 gratia,
2233 4248 2338 4304 viz.
2359 4249 2546 4304 where
2560 4248 2659 4302 the
2676 4261 2903 4316 posses·

599 4340 726 4397 sion
751 4339 800 4395 is
823 4339 992 4410 given
1009 4349 1071 4395 to
1095 4339 1254 4395 liberi
1279 4355 1433 4410 upon
1457 4337 1753 4408 intestacy,
1772 4337 1889 4392 and
1913 4347 1972 4393 to
1997 4331 2395 4404 emancipated
2421 4329 2675 4386 children
2701 4337 2901 4384 contra

601 4424 841 4494 tabulas,
862 4424 978 4479 and
1002 4423 1059 4478 in
1085 4423 1300 4478 certain
1319 4421 1606 4478 instances
1622 4422 1688 4476 of
1698 4421 1977 4478 bonorum
2004 4415 2293 4490 possessio
2316 4413 2631 4472 secundum
2656 4411 2899 4482 tabulas,

600 4509 688 4564 fior
713 4508 895 4564 which
919 4525 1016 4563 see
1041 4523 1117 4563 on
1143 4507 1248 4564 Bk.
1275 4505 1331 4563 ii.
1361 4519 1441 4575 17.
1469 4505 1504 4564 6
1527 4522 1681 4577 supr.
