3230 5116
365 399 466 448 Tit.
493 393 598 460 rm]
747 392 1062 464 QUIBUS
1103 391 1294 448 NON
1325 391 1494 450 EST
1533 392 2059 462 PERMJSSUM
2104 394 2165 448 E
2171 392 2273 450 TC
2273 432 2288 449 .
2554 401 2679 468 243

365 558 530 622 dam
576 557 772 642 quasi
827 558 1186 622 castrensia
1233 558 1567 622 dederunt
1626 557 1905 642 peculia,
1950 578 2234 641 quorum
2276 558 2677 642 quibusdam

365 662 768 744 permissum
798 672 940 728 erat
981 663 1184 727 etiam
1231 662 1297 726 in
1337 670 1677 746 potestate
1723 663 2121 746 degentibus
2162 665 2411 728 testari.
2494 665 2680 746 quod

366 775 598 830 nostra
645 766 1038 831 constitutio
1083 765 1283 831 latius
1326 767 1703 831 extendens
1746 767 2047 850 permisit
2098 767 2409 832 omnibus
2460 767 2529 831 in
2576 765 2681 831 his

369 871 844 934 tantummodo
875 868 1150 952 peculiis
1179 870 1410 934 testari
1438 869 1733 953 quidem,
1754 871 1873 936 sed
1906 871 2045 935 iure
2072 870 2446 935 communi:
2494 871 2681 935 cuius

365 972 864 1036 constitutionis
896 982 1126 1038 tenore
1169 982 1516 1056 perspecto
1562 973 1829 1038 licentia
1876 984 1982 1040 est
2031 972 2195 1038 nihil
2242 994 2471 1038 eorum
2506 993 2681 1057 quae

369 1075 459 1140 ad
490 1075 866 1159 praefatum
898 1077 999 1141 ius
1029 1077 1366 1160 pertinent
1393 1077 1717 1160 ignorare.

1448 1308 1613 1373 XII.

507 1484 784 1548 omnus
829 1484 987 1536 NON
1023 1483 1161 1536 EST
1206 1484 1643 1537 PERMISSUM
1691 1485 2195 1538 TESTAMENTA
2241 1487 2550 1540 FACERE.

466 1632 624 1698 Non
653 1643 882 1700 tamen
911 1634 1222 1699 omnibus
1253 1633 1406 1698 licet
1441 1632 1658 1698 facere
1685 1640 2182 1699 testamentum.
2246 1636 2473 1700 statim
2506 1635 2681 1699 enim

373 1735 470 1815 hi,
514 1739 627 1820 qui
674 1739 894 1803 alieno
941 1739 1064 1802 iuri
1109 1738 1390 1803 subiecti
1439 1746 1612 1812 sunt,
1655 1739 2039 1804 testamenti
2083 1739 2367 1804 faciendi
2407 1739 2506 1803 ius
2548 1759 2682 1802 non

377 1839 648 1919 habent,
695 1845 865 1906 adeo
910 1842 1184 1925 quidem
1231 1850 1322 1914 ut,
1375 1841 1678 1924 quamvis
1736 1851 2046 1922 parentes
2104 1843 2200 1906 eis
2250 1842 2685 1926 permiserint,

380 1944 590 2009 nihilo
637 1948 850 2029 magis
909 1947 1047 2011 iure
1106 1946 1336 2011 testari
1403 1945 1691 2028 possint:
1760 1947 2066 2028 exceptis
2116 1945 2219 2010 his
2260 1967 2431 2029 quos
2477 1955 2679 2010 antea

382 2050 911 2113 enumeravimus
947 2059 1014 2114 et
1050 2050 1403 2134 praecipue
1447 2047 1767 2113 militibus
1806 2049 1921 2133 qui
1957 2049 2024 2112 in
2067 2057 2400 2133 potestate
2444 2068 2679 2132 paren-

381 2162 528 2216 tum
559 2163 729 2232 sunt,
756 2154 999 2237 quibus
1028 2154 1115 2218 de
1144 2173 1225 2218 eo
1254 2153 1437 2238 quod
1467 2154 1536 2216 in
1567 2153 1799 2219 castris
1829 2153 2259 2236 adquisierint
2291 2154 2683 2237 permissum

383 2265 488 2321 est
517 2278 606 2322 ex
636 2259 1217 2323 constitutionibus
1253 2259 1630 2342 principum
1668 2265 2144 2323 testamentum
2180 2257 2414 2322 facere.
2499 2257 2683 2340 quod

383 2362 654 2443 quidem
686 2363 875 2427 initio
903 2372 1167 2428 tantum
1213 2362 1654 2428 militantibus
1694 2362 1929 2426 datum
1976 2373 2080 2427 est
2110 2371 2251 2426 tam
2281 2383 2373 2426 ex
2401 2362 2685 2427 auctori-

385 2473 530 2528 tate
563 2467 696 2531 divi
740 2465 1038 2549 Augusti
1080 2487 1288 2549 quam
1333 2467 1596 2530 Nervae
1640 2486 1765 2530 nec
1811 2485 1944 2529 non
1990 2467 2227 2549 optimi
2271 2467 2687 2550 imperatoris

388 2569 675 2650 Traiani,
691 2581 926 2655 postea
952 2592 1108 2636 vero
1138 2572 1624 2654 subscriptione
1654 2570 1789 2636 divi
1824 2570 2148 2636 Hadriani
2181 2572 2381 2636 etiarn
2402 2571 2691 2636 dimissis

392 2674 642 2749 militia,
696 2675 765 2739 id
817 2684 920 2739 est
970 2676 1318 2753 veteraniS,
1371 2694 1759 2739 concessum
1811 2684 1931 2739 est.
2039 2675 2265 2759 itaque
2317 2676 2372 2739 si
2420 2677 2693 2758 quidem

391 2776 664 2842 fecerint
706 2779 802 2863 de⁶
830 2780 1150 2844 castrensi
1197 2777 1456 2861 peculio
1499 2786 1997 2854 testamentum,
2043 2772 2399 2861 per-tinebit
2442 2777 2570 2842 hoc
2604 2780 2690 2842 ad

393 2902 546 2944 eum
586 2902 785 2965 quem
829 2881 1142 2947 heredem
1189 2882 1608 2965 reliquerint:
1664 2883 1717 2945 si
1753 2902 1911 2946 vero
1956 2883 2249 2946 intestati
2296 2883 2693 2948 decesserint

388 2985 590 3049 nullis
641 2987 862 3051 liberis
908 2987 1014 3051 vel
1066 2986 1377 3051 fratribus
1423 2986 1905 3070 superstitibuS,
1956 2988 2053 3051 ad'
2099 2996 2404 3068 parentes
2464 3006 2691 3050 eorum

394 3088 533 3151 iure
564 3092 899 3154 communi
935 3091 1310 3175 pertinebit.
1400 3111 1488 3155 ex
1529 3090 1658 3155 hoc
1692 3089 2074 3173 intellegere
2112 3110 2482 3172 possumuS,
2509 3090 2695 3172 quod

394 3192 462 3254 in
494 3195 723 3258 castris
756 3193 1143 3278 adquisierit
1187 3193 1398 3269 miles,
1444 3196 1558 3278 qui
1608 3196 1676 3258 in
1722 3202 2054 3277 potestate
2094 3193 2301 3275 patris
2328 3202 2450 3272 est,
2482 3212 2697 3275 neque

391 3295 614 3377 ipsum
639 3307 899 3379 patrem
921 3300 1215 3363 adimere
1244 3318 1441 3381 posse
1473 3318 1687 3381 neque
1717 3297 1923 3380 patris
1946 3298 2300 3361 creditores
2321 3297 2388 3360 id
2412 3299 2698 3362 vendere

393 3398 502 3463 vel
550 3399 742 3464 aliter
786 3403 1155 3485 inquietare
1201 3422 1416 3485 neque
1462 3411 1651 3485 patre
1693 3413 1957 3466 mortuo
2004 3422 2153 3466 cum
2204 3399 2513 3465 fratribus
2556 3421 2699 3467 esse

395 3522 766 3583 commune,
808 3507 926 3569 sed
969 3505 1216 3571 scilicet
1262 3507 1598 3588 proprium
1645 3507 1785 3570 eius
1830 3526 1973 3571 esse
2016 3507 2083 3570 id
2126 3506 2309 3589 quod
2354 3504 2423 3569 in
2470 3506 2701 3571 castris

390 3603 796 3689 adquisierit,
841 3629 1250 3692 quamquam
1313 3610 1454 3673 iure
1519 3610 1693 3674 civili
1744 3612 2042 3675 omnium
2093 3610 2209 3693 qui
2252 3610 2321 3673 in
2366 3618 2702 3693 potestate

396 3720 748 3793 parentum
777 3723 932 3777 sunt
961 3713 1220 3795 peculia
1255 3714 1530 3796 perind'e
1573 3714 1641 3776 in
1694 3713 1887 3777 bonis
1924 3721 2273 3796 parentum
2310 3723 2703 3796 computan-

397 3822 523 3889 tur,
563 3816 699 3879 acsi
741 3836 1076 3880 servorum
1114 3817 1373 3899 peculia
1416 3818 1484 3880 in
1527 3816 1719 3881 bonis
1763 3818 2185 3882 dominorum
2233 3827 2699 3882 numerantur:

401 3920 701 4001 exceptis
729 3920 1036 3987 videlicet
1065 3921 1187 3998 his,
1218 3941 1392 4006 quae
1440 3942 1528 3987 ex
1570 3922 1771 3986 sacris
1802 3922 2383 3987 constitutionibus
2413 3931 2481 3986 et
2512 3943 2703 4005 prae·

399 4024 594 4105 cipue
616 4026 856 4089 nostris
885 4035 1153 4107 propter
1179 4027 1472 4091 diversas
1503 4046 1737 4091 causas
1768 4046 1900 4090 non
1933 4027 2384 4109 adquiruntur.
2445 4036 2707 4109 praeter

397 4126 524 4189 hos
553 4128 772 4209 igitur,
801 4129 914 4210 qui
952 4138 1280 4192 castrense
1323 4128 1657 4211 peculium
1696 4128 1802 4193 vel
1843 4130 2033 4211 quasi
2072 4139 2405 4192 castrense
2431 4128 2702 4205 habent,

403 4229 455 4295 si
477 4231 622 4313 quis
653 4231 820 4295 alius
852 4229 1025 4294 filius
1055 4230 1335 4295 familias
1367 4242 1843 4297 testamentum
1875 4232 2119 4309 fecerit,
2149 4233 2380 4297 inutile
2410 4242 2529 4312 est,
2553 4234 2706 4297 licet

474 4434 598 4489 wit.
619 4437 770 4489 ΧΠ.
810 4435 890 4490 So
914 4435 1000 4489 sar
1023 4452 1088 4491 as
1103 4435 1506 4491 commercium
1533 4436 1581 4491 is
1605 4454 1681 4492 an
1706 4436 1953 4492 clement
1978 4434 2037 4491 in
2060 4436 2158 4491 the
2182 4435 2443 4507 capacity
2457 4446 2516 4490 to
2534 4436 2705 4493 make

405 4530 444 4573 a
468 4514 622 4573 valid
645 4516 755 4573 will
794 4518 1140 4589 (testamenti
1178 4518 1350 4575 factio
1386 4518 1594 4589 activa)
1632 4520 1674 4577 it
1708 4537 1827 4577 was
1865 4519 2088 4595 (except
2124 4518 2184 4575 in
2214 4519 2311 4577 the
2344 4536 2477 4577 case
2514 4520 2581 4575 of
2609 4521 2707 4583 the

1493 4620 1612 4675 R2
