<?xml version="1.0" encoding="UTF-8"?>
<!DOCTYPE html PUBLIC "-//W3C//DTD XHTML 1.0 Transitional//EN"
    "http://www.w3.org/TR/xhtml1/DTD/xhtml1-transitional.dtd">
<html xmlns="http://www.w3.org/1999/xhtml" xml:lang="en" lang="en">
 <head>
  <title>
</title>
<meta http-equiv="Content-Type" content="text/html;charset=utf-8" />
  <meta name='ocr-system' content='tesseract 3.04.00' />
  <meta name='ocr-capabilities' content='ocr_page ocr_carea ocr_par ocr_line ocrx_word'/>
</head>
<body>
  <div class='ocr_page' id='page_1' title='image "./imperatorislust01unkngoog_0262.png"; bbox 0 0 3230 5116; ppageno 0'>
   <div class='ocr_carea' id='block_1_1' title="bbox 553 413 2856 492">
    <p class='ocr_par' dir='ltr' id='par_1_1' title="bbox 553 413 2856 492">
     <span class='ocr_line' id='line_1_1' title="bbox 553 413 2856 492; baseline -0.003 -17"><span class='ocrx_word' id='word_1_1' title='bbox 553 421 680 492; x_wconf 84' lang='lat'><strong>250</strong></span> <span class='ocrx_word' id='word_1_2' title='bbox 955 415 1104 471; x_wconf 85' lang='lat' dir='ltr'><strong>INS</strong></span> <span class='ocrx_word' id='word_1_3' title='bbox 1107 415 1255 471; x_wconf 80' lang='lat' dir='ltr'><strong>TIT</strong></span> <span class='ocrx_word' id='word_1_4' title='bbox 1259 414 1526 472; x_wconf 80' lang='lat' dir='ltr'><em>UTJON</em></span> <span class='ocrx_word' id='word_1_5' title='bbox 1526 414 1659 472; x_wconf 84' lang='lat' dir='ltr'><strong>UM</strong></span> <span class='ocrx_word' id='word_1_6' title='bbox 1693 413 1931 470; x_wconf 86' lang='lat' dir='ltr'><em>LIBRI</em></span> <span class='ocrx_word' id='word_1_7' title='bbox 1968 413 2442 488; x_wconf 78' lang='lat' dir='ltr'><em>QUATTUOR.</em></span> <span class='ocrx_word' id='word_1_8' title='bbox 2638 416 2767 483; x_wconf 85' lang='lat' dir='ltr'><strong>[Lib.</strong></span> <span class='ocrx_word' id='word_1_9' title='bbox 2788 414 2856 470; x_wconf 61' lang='lat'><strong>112</strong></span> 
     </span>
    </p>
   </div>
   <div class='ocr_carea' id='block_1_2' title="bbox 495 577 2943 3892">
    <p class='ocr_par' dir='ltr' id='par_1_2' title="bbox 495 577 2943 3892">
     <span class='ocr_line' id='line_1_2' title="bbox 551 577 2855 664; baseline 0 -20"><span class='ocrx_word' id='word_1_10' title='bbox 551 579 792 644; x_wconf 89' lang='lat' dir='ltr'><strong>liberos</strong></span> <span class='ocrx_word' id='word_1_11' title='bbox 833 580 974 645; x_wconf 90' lang='lat' dir='ltr'><strong>iure</strong></span> <span class='ocrx_word' id='word_1_12' title='bbox 1017 579 1188 646; x_wconf 86' lang='lat' dir='ltr'><strong>civili</strong></span> <span class='ocrx_word' id='word_1_13' title='bbox 1235 599 1450 664; x_wconf 90' lang='lat' dir='ltr'><strong>neque</strong></span> <span class='ocrx_word' id='word_1_14' title='bbox 1493 579 1790 645; x_wconf 89' lang='lat' dir='ltr'><strong>heredes·</strong></span> <span class='ocrx_word' id='word_1_15' title='bbox 1818 580 2159 646; x_wconf 79' lang='lat' dir='ltr'><strong>instituere</strong></span> <span class='ocrx_word' id='word_1_16' title='bbox 2196 600 2411 664; x_wconf 90' lang='lat' dir='ltr'><strong>neque</strong></span> <span class='ocrx_word' id='word_1_17' title='bbox 2450 577 2855 644; x_wconf 83' lang='lat' dir='ltr'>exheredare</span> 
     </span>
     <span class='ocr_line' id='line_1_3' title="bbox 553 683 2857 768; baseline -0.001 -21"><span class='ocrx_word' id='word_1_18' title='bbox 553 703 822 748; x_wconf 86' lang='lat' dir='ltr'><strong>necesse</strong></span> <span class='ocrx_word' id='word_1_19' title='bbox 873 694 996 760; x_wconf 90' lang='lat' dir='ltr'><strong>est,</strong></span> <span class='ocrx_word' id='word_1_20' title='bbox 1041 685 1200 768; x_wconf 86' lang='lat' dir='ltr'><strong>quia</strong></span> <span class='ocrx_word' id='word_1_21' title='bbox 1251 703 1386 748; x_wconf 86' lang='lat' dir='ltr'><strong>non</strong></span> <span class='ocrx_word' id='word_1_22' title='bbox 1437 692 1594 748; x_wconf 89' lang='lat' dir='ltr'><strong>sunt</strong></span> <span class='ocrx_word' id='word_1_23' title='bbox 1646 685 1748 748; x_wconf 88' lang='lat' dir='ltr'><strong>sui</strong></span> <span class='ocrx_word' id='word_1_24' title='bbox 1788 683 2085 750; x_wconf 90' lang='lat' dir='ltr'><strong>heredes.</strong></span> <span class='ocrx_word' id='word_1_25' title='bbox 2144 685 2264 748; x_wconf 87' lang='lat' dir='ltr'><strong>sed</strong></span> <span class='ocrx_word' id='word_1_26' title='bbox 2315 693 2581 767; x_wconf 88' lang='lat' dir='ltr'><strong>praetor</strong></span> <span class='ocrx_word' id='word_1_27' title='bbox 2620 702 2857 747; x_wconf 86' lang='lat' dir='ltr'><strong>omnes</strong></span> 
     </span>
     <span class='ocr_line' id='line_1_4' title="bbox 551 787 2857 872; baseline -0.001 -19"><span class='ocrx_word' id='word_1_28' title='bbox 551 797 692 853; x_wconf 89' lang='lat' dir='ltr'><strong>tam</strong></span> <span class='ocrx_word' id='word_1_29' title='bbox 721 787 1019 853; x_wconf 88' lang='lat' dir='ltr'><strong>feminini</strong></span> <span class='ocrx_word' id='word_1_30' title='bbox 1062 809 1266 872; x_wconf 90' lang='lat' dir='ltr'><strong>quam</strong></span> <span class='ocrx_word' id='word_1_31' title='bbox 1299 788 1643 853; x_wconf 87' lang='lat' dir='ltr'>masculini</span> <span class='ocrx_word' id='word_1_32' title='bbox 1682 807 1903 867; x_wconf 88' lang='lat' dir='ltr'><strong>sexus,</strong></span> <span class='ocrx_word' id='word_1_33' title='bbox 1932 789 1987 852; x_wconf 91' lang='lat' dir='ltr'><strong>si</strong></span> <span class='ocrx_word' id='word_1_34' title='bbox 2032 787 2311 853; x_wconf 80' lang='lat' dir='ltr'><strong>heredes</strong></span> <span class='ocrx_word' id='word_1_35' title='bbox 2342 807 2475 851; x_wconf 88' lang='lat' dir='ltr'><strong>non</strong></span> <span class='ocrx_word' id='word_1_36' title='bbox 2506 787 2857 851; x_wconf 87' lang='lat' dir='ltr'><strong>instituan-</strong></span> 
     </span>
     <span class='ocr_line' id='line_1_5' title="bbox 553 890 2859 974; baseline -0.001 -17"><span class='ocrx_word' id='word_1_37' title='bbox 553 901 684 968; x_wconf 87' lang='lat' dir='ltr'>tur,</span> <span class='ocrx_word' id='word_1_38' title='bbox 715 891 1102 956; x_wconf 89' lang='lat' dir='ltr'><strong>exheredari</strong></span> <span class='ocrx_word' id='word_1_39' title='bbox 1134 892 1336 974; x_wconf 84' lang='lat' dir='ltr'><strong>iubet,</strong></span> <span class='ocrx_word' id='word_1_40' title='bbox 1366 892 1572 956; x_wconf 87' lang='lat' dir='ltr'><strong>virilis</strong></span> <span class='ocrx_word' id='word_1_41' title='bbox 1601 912 1805 956; x_wconf 89' lang='lat' dir='ltr'><strong>sexus</strong></span> <span class='ocrx_word' id='word_1_42' title='bbox 1835 893 2245 971; x_wconf 88' lang='lat' dir='ltr'><strong>nominatim,</strong></span> <span class='ocrx_word' id='word_1_43' title='bbox 2275 890 2571 956; x_wconf 86' lang='lat' dir='ltr'><strong>feminini</strong></span> <span class='ocrx_word' id='word_1_44' title='bbox 2603 909 2759 954; x_wconf 89' lang='lat' dir='ltr'><strong>vero</strong></span> <span class='ocrx_word' id='word_1_45' title='bbox 2788 899 2859 954; x_wconf 88' lang='lat' dir='ltr'><strong>et</strong></span> 
     </span>
     <span class='ocr_line' id='line_1_6' title="bbox 554 995 2858 1080; baseline -0.001 -20"><span class='ocrx_word' id='word_1_46' title='bbox 554 997 729 1061; x_wconf 90' lang='lat' dir='ltr'><strong>inter</strong></span> <span class='ocrx_word' id='word_1_47' title='bbox 756 1006 1030 1062; x_wconf 88' lang='lat' dir='ltr'><strong>ceteros.</strong></span> <span class='ocrx_word' id='word_1_48' title='bbox 1093 997 1332 1080; x_wconf 87' lang='lat' dir='ltr'><strong>quodsi</strong></span> <span class='ocrx_word' id='word_1_49' title='bbox 1363 1017 1578 1080; x_wconf 91' lang='lat' dir='ltr'><strong>neque</strong></span> <span class='ocrx_word' id='word_1_50' title='bbox 1607 996 1888 1062; x_wconf 87' lang='lat' dir='ltr'><strong>heredes</strong></span> <span class='ocrx_word' id='word_1_51' title='bbox 1928 998 2214 1062; x_wconf 90' lang='lat' dir='ltr'><strong>instituti</strong></span> <span class='ocrx_word' id='word_1_52' title='bbox 2244 997 2487 1061; x_wconf 88' lang='lat' dir='ltr'><strong>suerint</strong></span> <span class='ocrx_word' id='word_1_53' title='bbox 2517 1014 2735 1077; x_wconf 89' lang='lat' dir='ltr'><strong>neque</strong></span> <span class='ocrx_word' id='word_1_54' title='bbox 2764 995 2858 1058; x_wconf 88' lang='lat' dir='ltr'><strong>ita</strong></span> 
     </span>
     <span class='ocr_line' id='line_1_7' title="bbox 555 1097 2856 1185; baseline -0.001 -20"><span class='ocrx_word' id='word_1_55' title='bbox 555 1111 631 1168; x_wconf 90' lang='lat' dir='ltr'><strong>ut</strong></span> <span class='ocrx_word' id='word_1_56' title='bbox 680 1102 992 1184; x_wconf 44' lang='lat' dir='ltr'><strong>diximus·</strong></span> <span class='ocrx_word' id='word_1_57' title='bbox 1023 1101 1430 1181; x_wconf 88' lang='lat' dir='ltr'><strong>exheredati,</strong></span> <span class='ocrx_word' id='word_1_58' title='bbox 1475 1103 1805 1185; x_wconf 89' lang='lat' dir='ltr'><strong>promittit</strong></span> <span class='ocrx_word' id='word_1_59' title='bbox 1848 1110 2115 1185; x_wconf 87' lang='lat' dir='ltr'><strong>praetor</strong></span> <span class='ocrx_word' id='word_1_60' title='bbox 2164 1103 2260 1166; x_wconf 90' lang='lat' dir='ltr'><strong>eis</strong></span> <span class='ocrx_word' id='word_1_61' title='bbox 2310 1109 2542 1166; x_wconf 85' lang='lat' dir='ltr'><strong>contra</strong></span> <span class='ocrx_word' id='word_1_62' title='bbox 2592 1097 2856 1163; x_wconf 86' lang='lat' dir='ltr'><strong>tabulas</strong></span> 
     </span>
     <span class='ocr_line' id='line_1_8' title="bbox 495 1205 2855 1290; baseline -0 -23"><span class='ocrx_word' id='word_1_63' title='bbox 495 1213 531 1266; x_wconf 89' lang='lat'>4</span> <span class='ocrx_word' id='word_1_64' title='bbox 557 1209 940 1271; x_wconf 82' lang='lat' dir='ltr'><strong>testamenti</strong></span> <span class='ocrx_word' id='word_1_65' title='bbox 971 1206 1295 1272; x_wconf 89' lang='lat' dir='ltr'><strong>bonorum</strong></span> <span class='ocrx_word' id='word_1_66' title='bbox 1325 1208 1835 1290; x_wconf 85' lang='lat' dir='ltr'><strong>possessionem.</strong></span> <span class='ocrx_word' id='word_1_67' title='bbox 1924 1205 2487 1289; x_wconf 81' lang='lat' dir='ltr'><strong>Adoptivi.libe1i</strong></span> <span class='ocrx_word' id='word_1_68' title='bbox 2536 1205 2855 1286; x_wconf 88' lang='lat' dir='ltr'><strong>quamdiu</strong></span> 
     </span>
     <span class='ocr_line' id='line_1_9' title="bbox 555 1308 2856 1395; baseline -0.002 -21"><span class='ocrx_word' id='word_1_69' title='bbox 555 1320 710 1375; x_wconf 85' lang='lat' dir='ltr'><strong>sunt</strong></span> <span class='ocrx_word' id='word_1_70' title='bbox 741 1311 808 1375; x_wconf 90' lang='lat' dir='ltr'><strong>in</strong></span> <span class='ocrx_word' id='word_1_71' title='bbox 837 1319 1173 1394; x_wconf 84' lang='lat' dir='ltr'><strong>potestate</strong></span> <span class='ocrx_word' id='word_1_72' title='bbox 1201 1313 1409 1395; x_wconf 89' lang='lat' dir='ltr'><strong>patris</strong></span> <span class='ocrx_word' id='word_1_73' title='bbox 1439 1313 1759 1395; x_wconf 84' lang='lat' dir='ltr'><strong>adoptivi,</strong></span> <span class='ocrx_word' id='word_1_74' title='bbox 1784 1312 2082 1377; x_wconf 89' lang='lat' dir='ltr'><strong>eiusdem</strong></span> <span class='ocrx_word' id='word_1_75' title='bbox 2116 1311 2270 1375; x_wconf 89' lang='lat' dir='ltr'><strong>iuris</strong></span> <span class='ocrx_word' id='word_1_76' title='bbox 2290 1308 2639 1385; x_wconf 86' lang='lat' dir='ltr'><strong>habentur,</strong></span> <span class='ocrx_word' id='word_1_77' title='bbox 2670 1308 2856 1372; x_wconf 90' lang='lat' dir='ltr'><strong>cuius</strong></span> 
     </span>
     <span class='ocr_line' id='line_1_10' title="bbox 556 1410 2860 1498; baseline -0.003 -18"><span class='ocrx_word' id='word_1_78' title='bbox 556 1423 712 1480; x_wconf 90' lang='lat' dir='ltr'><strong>sunt</strong></span> <span class='ocrx_word' id='word_1_79' title='bbox 741 1415 931 1481; x_wconf 89' lang='lat' dir='ltr'><strong>iustis</strong></span> <span class='ocrx_word' id='word_1_80' title='bbox 961 1415 1207 1498; x_wconf 88' lang='lat' dir='ltr'><strong>nuptiis</strong></span> <span class='ocrx_word' id='word_1_81' title='bbox 1236 1415 1555 1498; x_wconf 84' lang='lat' dir='ltr'><strong>quaesiti:</strong></span> <span class='ocrx_word' id='word_1_82' title='bbox 1601 1416 1829 1498; x_wconf 88' lang='lat' dir='ltr'><strong>itaque</strong></span> <span class='ocrx_word' id='word_1_83' title='bbox 1868 1415 2147 1478; x_wconf 90' lang='lat' dir='ltr'><strong>heredes</strong></span> <span class='ocrx_word' id='word_1_84' title='bbox 2184 1412 2571 1478; x_wconf 84' lang='lat' dir='ltr'><strong>instituendi</strong></span> <span class='ocrx_word' id='word_1_85' title='bbox 2600 1410 2707 1474; x_wconf 82' lang='lat' dir='ltr'><strong>vel</strong></span> <span class='ocrx_word' id='word_1_86' title='bbox 2739 1431 2860 1474; x_wconf 90' lang='lat' dir='ltr'><strong>ex-</strong></span> 
     </span>
     <span class='ocr_line' id='line_1_11' title="bbox 555 1515 2857 1602; baseline -0.003 -19"><span class='ocrx_word' id='word_1_87' title='bbox 555 1518 919 1583; x_wconf 89' lang='lat' dir='ltr'><strong>heredandi</strong></span> <span class='ocrx_word' id='word_1_88' title='bbox 949 1529 1103 1584; x_wconf 91' lang='lat' dir='ltr'><strong>sunt</strong></span> <span class='ocrx_word' id='word_1_89' title='bbox 1126 1520 1490 1584; x_wconf 89' lang='lat' dir='ltr'><strong>secundum</strong></span> <span class='ocrx_word' id='word_1_90' title='bbox 1521 1539 1600 1584; x_wconf 90' lang='lat' dir='ltr'><strong>ea</strong></span> <span class='ocrx_word' id='word_1_91' title='bbox 1629 1540 1805 1602; x_wconf 91' lang='lat' dir='ltr'><strong>quae</strong></span> <span class='ocrx_word' id='word_1_92' title='bbox 1833 1519 1920 1583; x_wconf 91' lang='lat' dir='ltr'><strong>de</strong></span> <span class='ocrx_word' id='word_1_93' title='bbox 1951 1515 2359 1582; x_wconf 86' lang='lat' dir='ltr'><strong>naturalibus</strong></span> <span class='ocrx_word' id='word_1_94' title='bbox 2390 1517 2857 1598; x_wconf 85' lang='lat' dir='ltr'><strong>exposuimus:</strong></span> 
     </span>
     <span class='ocr_line' id='line_1_12' title="bbox 557 1619 2859 1707; baseline -0.002 -22"><span class='ocrx_word' id='word_1_95' title='bbox 557 1622 956 1704; x_wconf 88' lang='lat' dir='ltr'><strong>emancipati</strong></span> <span class='ocrx_word' id='word_1_96' title='bbox 1014 1643 1172 1687; x_wconf 89' lang='lat' dir='ltr'><strong>vero</strong></span> <span class='ocrx_word' id='word_1_97' title='bbox 1223 1644 1267 1686; x_wconf 90' lang='lat' dir='ltr'><strong>a</strong></span> <span class='ocrx_word' id='word_1_98' title='bbox 1322 1633 1512 1706; x_wconf 90' lang='lat' dir='ltr'><strong>patre</strong></span> <span class='ocrx_word' id='word_1_99' title='bbox 1569 1625 1888 1707; x_wconf 89' lang='lat' dir='ltr'><strong>adoptivo</strong></span> <span class='ocrx_word' id='word_1_100' title='bbox 1940 1642 2157 1706; x_wconf 91' lang='lat' dir='ltr'><strong>neque</strong></span> <span class='ocrx_word' id='word_1_101' title='bbox 2216 1621 2355 1684; x_wconf 81' lang='lat' dir='ltr'><strong>iure</strong></span> <span class='ocrx_word' id='word_1_102' title='bbox 2418 1619 2591 1685; x_wconf 89' lang='lat' dir='ltr'><strong>civili</strong></span> <span class='ocrx_word' id='word_1_103' title='bbox 2643 1639 2859 1701; x_wconf 91' lang='lat' dir='ltr'><strong>neque</strong></span> 
     </span>
     <span class='ocr_line' id='line_1_13' title="bbox 555 1725 2857 1810; baseline -0.004 -21"><span class='ocrx_word' id='word_1_104' title='bbox 555 1726 737 1808; x_wconf 88' lang='lat' dir='ltr'><strong>quod</strong></span> <span class='ocrx_word' id='word_1_105' title='bbox 783 1727 870 1789; x_wconf 90' lang='lat' dir='ltr'><strong>ad</strong></span> <span class='ocrx_word' id='word_1_106' title='bbox 918 1726 1210 1790; x_wconf 89' lang='lat' dir='ltr'><strong>edictum</strong></span> <span class='ocrx_word' id='word_1_107' title='bbox 1250 1727 1574 1810; x_wconf 88' lang='lat' dir='ltr'><strong>praetoris</strong></span> <span class='ocrx_word' id='word_1_108' title='bbox 1620 1729 1863 1792; x_wconf 86' lang='lat' dir='ltr'><strong>attinet</strong></span> <span class='ocrx_word' id='word_1_109' title='bbox 1907 1727 2081 1790; x_wconf 89' lang='lat' dir='ltr'><strong>inter</strong></span> <span class='ocrx_word' id='word_1_110' title='bbox 2123 1725 2365 1789; x_wconf 84' lang='lat' dir='ltr'><strong>liberos</strong></span> <span class='ocrx_word' id='word_1_111' title='bbox 2410 1732 2857 1787; x_wconf 87' lang='lat' dir='ltr'><strong>numerantur.</strong></span> 
     </span>
     <span class='ocr_line' id='line_1_14' title="bbox 557 1827 2860 1914; baseline -0.003 -21"><span class='ocrx_word' id='word_1_112' title='bbox 557 1851 690 1914; x_wconf 92' lang='lat' dir='ltr'><strong>qua</strong></span> <span class='ocrx_word' id='word_1_113' title='bbox 719 1831 974 1895; x_wconf 88' lang='lat' dir='ltr'><strong>ratione</strong></span> <span class='ocrx_word' id='word_1_114' title='bbox 1003 1830 1260 1907; x_wconf 91' lang='lat' dir='ltr'><strong>accidit,</strong></span> <span class='ocrx_word' id='word_1_115' title='bbox 1295 1840 1368 1895; x_wconf 90' lang='lat' dir='ltr'><strong>ut</strong></span> <span class='ocrx_word' id='word_1_116' title='bbox 1413 1852 1502 1896; x_wconf 91' lang='lat' dir='ltr'><strong>ex</strong></span> <span class='ocrx_word' id='word_1_117' title='bbox 1547 1831 1811 1897; x_wconf 88' lang='lat' dir='ltr'><strong>diverso</strong></span> <span class='ocrx_word' id='word_1_118' title='bbox 1856 1831 2034 1914; x_wconf 91' lang='lat' dir='ltr'><strong>quod</strong></span> <span class='ocrx_word' id='word_1_119' title='bbox 2081 1829 2167 1894; x_wconf 88' lang='lat' dir='ltr'><strong>ad</strong></span> <span class='ocrx_word' id='word_1_120' title='bbox 2215 1827 2583 1893; x_wconf 82' lang='lat' dir='ltr'><strong>naturalem</strong></span> <span class='ocrx_word' id='word_1_121' title='bbox 2622 1844 2860 1910; x_wconf 89' lang='lat' dir='ltr'><strong>paren-</strong></span> 
     </span>
     <span class='ocr_line' id='line_1_15' title="bbox 557 1930 2861 2019; baseline -0.003 -19"><span class='ocrx_word' id='word_1_122' title='bbox 557 1943 696 2000; x_wconf 87' lang='lat' dir='ltr'><strong>tem</strong></span> <span class='ocrx_word' id='word_1_123' title='bbox 741 1935 1001 2014; x_wconf 88' lang='lat' dir='ltr'><strong>attinet,</strong></span> <span class='ocrx_word' id='word_1_124' title='bbox 1032 1936 1352 2018; x_wconf 88' lang='lat' dir='ltr'><strong>quamdiu</strong></span> <span class='ocrx_word' id='word_1_125' title='bbox 1384 1937 1656 2019; x_wconf 90' lang='lat' dir='ltr'><strong>quidem</strong></span> <span class='ocrx_word' id='word_1_126' title='bbox 1702 1938 1835 2001; x_wconf 92' lang='lat' dir='ltr'><strong>sint</strong></span> <span class='ocrx_word' id='word_1_127' title='bbox 1878 1937 1947 2000; x_wconf 90' lang='lat' dir='ltr'><strong>in</strong></span> <span class='ocrx_word' id='word_1_128' title='bbox 1992 1934 2309 2017; x_wconf 87' lang='lat' dir='ltr'><strong>adoptiva</strong></span> <span class='ocrx_word' id='word_1_129' title='bbox 2336 1930 2605 2010; x_wconf 88' lang='lat' dir='ltr'><strong>familia,</strong></span> <span class='ocrx_word' id='word_1_130' title='bbox 2636 1939 2861 1994; x_wconf 88' lang='lat' dir='ltr'><strong>extra-</strong></span> 
     </span>
     <span class='ocr_line' id='line_1_16' title="bbox 558 2035 2859 2121; baseline -0.002 -19"><span class='ocrx_word' id='word_1_131' title='bbox 558 2057 834 2103; x_wconf 86' lang='lat' dir='ltr'><strong>neorum</strong></span> <span class='ocrx_word' id='word_1_132' title='bbox 882 2060 1158 2105; x_wconf 88' lang='lat' dir='ltr'><strong>numero</strong></span> <span class='ocrx_word' id='word_1_133' title='bbox 1203 2040 1590 2120; x_wconf 88' lang='lat' dir='ltr'><strong>habeantur,</strong></span> <span class='ocrx_word' id='word_1_134' title='bbox 1634 2048 1712 2105; x_wconf 89' lang='lat' dir='ltr'><strong>ut</strong></span> <span class='ocrx_word' id='word_1_135' title='bbox 1758 2059 1873 2104; x_wconf 87' lang='lat' dir='ltr'><strong>eos</strong></span> <span class='ocrx_word' id='word_1_136' title='bbox 1924 2059 2139 2121; x_wconf 89' lang='lat' dir='ltr'><strong>neque</strong></span> <span class='ocrx_word' id='word_1_137' title='bbox 2188 2037 2465 2102; x_wconf 88' lang='lat' dir='ltr'><strong>heredes</strong></span> <span class='ocrx_word' id='word_1_138' title='bbox 2512 2035 2859 2100; x_wconf 87' lang='lat' dir='ltr'><strong>instituere</strong></span> 
     </span>
     <span class='ocr_line' id='line_1_17' title="bbox 558 2139 2859 2227; baseline -0.002 -21"><span class='ocrx_word' id='word_1_139' title='bbox 558 2163 776 2227; x_wconf 90' lang='lat' dir='ltr'><strong>neque</strong></span> <span class='ocrx_word' id='word_1_140' title='bbox 815 2143 1223 2208; x_wconf 83' lang='lat' dir='ltr'><strong>exheredare</strong></span> <span class='ocrx_word' id='word_1_141' title='bbox 1268 2164 1538 2209; x_wconf 90' lang='lat' dir='ltr'><strong>necesse</strong></span> <span class='ocrx_word' id='word_1_142' title='bbox 1579 2145 1703 2209; x_wconf 87' lang='lat' dir='ltr'><strong>sit:</strong></span> <span class='ocrx_word' id='word_1_143' title='bbox 1771 2164 1922 2210; x_wconf 87' lang='lat' dir='ltr'><strong>cum</strong></span> <span class='ocrx_word' id='word_1_144' title='bbox 1966 2161 2126 2207; x_wconf 88' lang='lat' dir='ltr'><strong>vero</strong></span> <span class='ocrx_word' id='word_1_145' title='bbox 2171 2141 2570 2224; x_wconf 89' lang='lat' dir='ltr'><strong>emancipati</strong></span> <span class='ocrx_word' id='word_1_146' title='bbox 2612 2139 2859 2203; x_wconf 87' lang='lat' dir='ltr'><strong>suerint</strong></span> 
     </span>
     <span class='ocr_line' id='line_1_18' title="bbox 557 2245 2862 2331; baseline -0.002 -19"><span class='ocrx_word' id='word_1_147' title='bbox 557 2248 645 2312; x_wconf 87' lang='lat' dir='ltr'><strong>ab</strong></span> <span class='ocrx_word' id='word_1_148' title='bbox 704 2248 1020 2329; x_wconf 88' lang='lat' dir='ltr'><strong>adoptivo</strong></span> <span class='ocrx_word' id='word_1_149' title='bbox 1066 2257 1274 2331; x_wconf 90' lang='lat' dir='ltr'><strong>patre,</strong></span> <span class='ocrx_word' id='word_1_150' title='bbox 1326 2257 1487 2313; x_wconf 90' lang='lat' dir='ltr'><strong>tunc</strong></span> <span class='ocrx_word' id='word_1_151' title='bbox 1534 2249 1851 2330; x_wconf 90' lang='lat' dir='ltr'><strong>incipiant</strong></span> <span class='ocrx_word' id='word_1_152' title='bbox 1902 2249 1970 2312; x_wconf 90' lang='lat' dir='ltr'><strong>in</strong></span> <span class='ocrx_word' id='word_1_153' title='bbox 2022 2267 2102 2311; x_wconf 86' lang='lat' dir='ltr'><strong>ea</strong></span> <span class='ocrx_word' id='word_1_154' title='bbox 2148 2265 2348 2311; x_wconf 87' lang='lat' dir='ltr'><strong>causa</strong></span> <span class='ocrx_word' id='word_1_155' title='bbox 2400 2263 2565 2320; x_wconf 88' lang='lat' dir='ltr'><strong>esse,</strong></span> <span class='ocrx_word' id='word_1_156' title='bbox 2612 2245 2681 2308; x_wconf 89' lang='lat' dir='ltr'><strong>in</strong></span> <span class='ocrx_word' id='word_1_157' title='bbox 2728 2263 2862 2326; x_wconf 87' lang='lat' dir='ltr'><strong>qua</strong></span> 
     </span>
     <span class='ocr_line' id='line_1_19' title="bbox 559 2346 2859 2435; baseline -0.001 -21"><span class='ocrx_word' id='word_1_158' title='bbox 559 2350 758 2414; x_wconf 81' lang='lat' dir='ltr'><strong>futuri</strong></span> <span class='ocrx_word' id='word_1_159' title='bbox 811 2361 1048 2426; x_wconf 88' lang='lat' dir='ltr'><strong>essent,</strong></span> <span class='ocrx_word' id='word_1_160' title='bbox 1095 2351 1151 2415; x_wconf 91' lang='lat' dir='ltr'><strong>si</strong></span> <span class='ocrx_word' id='word_1_161' title='bbox 1211 2351 1298 2415; x_wconf 90' lang='lat' dir='ltr'><strong>ab</strong></span> <span class='ocrx_word' id='word_1_162' title='bbox 1347 2352 1493 2434; x_wconf 89' lang='lat' dir='ltr'><strong>ipso</strong></span> <span class='ocrx_word' id='word_1_163' title='bbox 1538 2350 1824 2416; x_wconf 90' lang='lat' dir='ltr'><strong>naturali</strong></span> <span class='ocrx_word' id='word_1_164' title='bbox 1876 2360 2065 2435; x_wconf 91' lang='lat' dir='ltr'><strong>patre</strong></span> <span class='ocrx_word' id='word_1_165' title='bbox 2116 2348 2516 2431; x_wconf 89' lang='lat' dir='ltr'><strong>emancipati</strong></span> <span class='ocrx_word' id='word_1_166' title='bbox 2566 2346 2859 2412; x_wconf 79' lang='lat' dir='ltr'><strong>fuissent.</strong></span> 
     </span>
     <span class='ocr_line' id='line_1_20' title="bbox 499 2451 2865 2521; baseline -0.003 -1"><span class='ocrx_word' id='word_1_167' title='bbox 499 2451 534 2506; x_wconf 91' lang='lat'>5</span> <span class='ocrx_word' id='word_1_168' title='bbox 562 2453 699 2520; x_wconf 89' lang='lat' dir='ltr'><strong>Sed</strong></span> <span class='ocrx_word' id='word_1_169' title='bbox 729 2454 896 2519; x_wconf 89' lang='lat' dir='ltr'><strong>haec</strong></span> <span class='ocrx_word' id='word_1_170' title='bbox 934 2463 1230 2520; x_wconf 85' lang='lat' dir='ltr'><strong>vetustas</strong></span> <span class='ocrx_word' id='word_1_171' title='bbox 1275 2456 1755 2521; x_wconf 88' lang='lat' dir='ltr'><strong>introducebat.</strong></span> <span class='ocrx_word' id='word_1_172' title='bbox 1818 2465 2044 2520; x_wconf 87' lang='lat' dir='ltr'><strong>nostra</strong></span> <span class='ocrx_word' id='word_1_173' title='bbox 2072 2474 2231 2519; x_wconf 90' lang='lat' dir='ltr'><strong>vero</strong></span> <span class='ocrx_word' id='word_1_174' title='bbox 2274 2451 2661 2518; x_wconf 88' lang='lat' dir='ltr'><strong>constitutio</strong></span> <span class='ocrx_word' id='word_1_175' title='bbox 2692 2452 2865 2515; x_wconf 85' lang='lat' dir='ltr'><strong>inter</strong></span> 
     </span>
     <span class='ocr_line' id='line_1_21' title="bbox 561 2555 2861 2649; baseline -0.002 -26"><span class='ocrx_word' id='word_1_176' title='bbox 561 2557 892 2624; x_wconf 89' lang='lat' dir='ltr'><strong>masculos</strong></span> <span class='ocrx_word' id='word_1_177' title='bbox 942 2569 1012 2624; x_wconf 90' lang='lat' dir='ltr'><strong>et</strong></span> <span class='ocrx_word' id='word_1_178' title='bbox 1061 2557 1341 2625; x_wconf 85' lang='lat' dir='ltr'><strong>feminas</strong></span> <span class='ocrx_word' id='word_1_179' title='bbox 1394 2558 1460 2623; x_wconf 90' lang='lat' dir='ltr'><strong>in</strong></span> <span class='ocrx_word' id='word_1_180' title='bbox 1507 2560 1636 2625; x_wconf 92' lang='lat' dir='ltr'><strong>hoc</strong></span> <span class='ocrx_word' id='word_1_181' title='bbox 1688 2560 1829 2624; x_wconf 91' lang='lat' dir='ltr'><strong>iure</strong></span> <span class='ocrx_word' id='word_1_182' title='bbox 1878 2558 2037 2624; x_wconf 88' lang='lat' dir='ltr'><strong>nihil</strong></span> <span class='ocrx_word' id='word_1_183' title='bbox 2086 2560 2402 2624; x_wconf 87' lang='lat' dir='ltr'><strong>interesse</strong></span> <span class='ocrx_word' id='word_1_184' title='bbox 2453 2555 2861 2649; x_wconf 79' lang='lat' dir='ltr'><strong>existimanS,</strong></span> 
     </span>
     <span class='ocr_line' id='line_1_22' title="bbox 559 2662 2863 2747; baseline -0.001 -21"><span class='ocrx_word' id='word_1_185' title='bbox 559 2664 717 2747; x_wconf 90' lang='lat' dir='ltr'><strong>quia</strong></span> <span class='ocrx_word' id='word_1_186' title='bbox 737 2672 1018 2746; x_wconf 88' lang='lat' dir='ltr'><strong>utraque</strong></span> <span class='ocrx_word' id='word_1_187' title='bbox 1040 2683 1322 2745; x_wconf 89' lang='lat' dir='ltr'><strong>persona</strong></span> <span class='ocrx_word' id='word_1_188' title='bbox 1344 2664 1411 2728; x_wconf 89' lang='lat' dir='ltr'><strong>in</strong></span> <span class='ocrx_word' id='word_1_189' title='bbox 1434 2664 1779 2728; x_wconf 87' lang='lat' dir='ltr'><strong>hominum</strong></span> <span class='ocrx_word' id='word_1_190' title='bbox 1797 2664 2251 2747; x_wconf 89' lang='lat' dir='ltr'><strong>procreatione</strong></span> <span class='ocrx_word' id='word_1_191' title='bbox 2268 2662 2569 2725; x_wconf 87' lang='lat' dir='ltr'><strong>similiter</strong></span> <span class='ocrx_word' id='word_1_192' title='bbox 2588 2669 2863 2725; x_wconf 90' lang='lat' dir='ltr'><strong>naturae</strong></span> 
     </span>
     <span class='ocr_line' id='line_1_23' title="bbox 559 2766 2865 2853; baseline -0 -23"><span class='ocrx_word' id='word_1_193' title='bbox 559 2767 774 2831; x_wconf 90' lang='lat' dir='ltr'><strong>officio</strong></span> <span class='ocrx_word' id='word_1_194' title='bbox 821 2768 1119 2850; x_wconf 86' lang='lat' dir='ltr'><strong>fungitur</strong></span> <span class='ocrx_word' id='word_1_195' title='bbox 1165 2778 1234 2833; x_wconf 89' lang='lat' dir='ltr'><strong>et</strong></span> <span class='ocrx_word' id='word_1_196' title='bbox 1279 2768 1429 2853; x_wconf 85' lang='lat' dir='ltr'><strong>lege</strong></span> <span class='ocrx_word' id='word_1_197' title='bbox 1472 2770 1748 2853; x_wconf 90' lang='lat' dir='ltr'><strong>antiqua</strong></span> <span class='ocrx_word' id='word_1_198' title='bbox 1800 2768 2156 2833; x_wconf 89' lang='lat' dir='ltr'><strong>duodecim</strong></span> <span class='ocrx_word' id='word_1_199' title='bbox 2208 2766 2583 2831; x_wconf 89' lang='lat' dir='ltr'><strong>tabularum</strong></span> <span class='ocrx_word' id='word_1_200' title='bbox 2628 2786 2865 2829; x_wconf 88' lang='lat' dir='ltr'><strong>omnes</strong></span> 
     </span>
     <span class='ocr_line' id='line_1_24' title="bbox 561 2870 2864 2951; baseline -0.002 -12"><span class='ocrx_word' id='word_1_201' title='bbox 561 2872 862 2939; x_wconf 85' lang='lat' dir='ltr'><strong>similiter</strong></span> <span class='ocrx_word' id='word_1_202' title='bbox 911 2872 999 2936; x_wconf 90' lang='lat' dir='ltr'><strong>ad</strong></span> <span class='ocrx_word' id='word_1_203' title='bbox 1059 2875 1505 2938; x_wconf 89' lang='lat' dir='ltr'><strong>successiones</strong></span> <span class='ocrx_word' id='word_1_204' title='bbox 1561 2874 1651 2937; x_wconf 89' lang='lat' dir='ltr'><strong>ab</strong></span> <span class='ocrx_word' id='word_1_205' title='bbox 1713 2874 2030 2938; x_wconf 88' lang='lat' dir='ltr'><strong>intestato</strong></span> <span class='ocrx_word' id='word_1_206' title='bbox 2080 2870 2505 2944; x_wconf 88' lang='lat' dir='ltr'><strong>vocabantur,</strong></span> <span class='ocrx_word' id='word_1_207' title='bbox 2560 2870 2741 2951; x_wconf 91' lang='lat' dir='ltr'><strong>quod</strong></span> <span class='ocrx_word' id='word_1_208' title='bbox 2794 2877 2864 2934; x_wconf 86' lang='lat' dir='ltr'><strong>et</strong></span> 
     </span>
     <span class='ocr_line' id='line_1_25' title="bbox 559 2973 2865 3060; baseline -0.002 -19"><span class='ocrx_word' id='word_1_209' title='bbox 559 2986 895 3060; x_wconf 89' lang='lat' dir='ltr'><strong>praetores</strong></span> <span class='ocrx_word' id='word_1_210' title='bbox 917 2986 1151 3060; x_wconf 82' lang='lat' dir='ltr'><strong>postea</strong></span> <span class='ocrx_word' id='word_1_211' title='bbox 1173 2978 1382 3042; x_wconf 89' lang='lat' dir='ltr'><strong>secuti</strong></span> <span class='ocrx_word' id='word_1_212' title='bbox 1406 2998 1552 3043; x_wconf 89' lang='lat' dir='ltr'><strong>esse</strong></span> <span class='ocrx_word' id='word_1_213' title='bbox 1572 2979 1897 3054; x_wconf 89' lang='lat' dir='ltr'><strong>videntur,</strong></span> <span class='ocrx_word' id='word_1_214' title='bbox 1925 2978 2077 3041; x_wconf 92' lang='lat' dir='ltr'><strong>ideo</strong></span> <span class='ocrx_word' id='word_1_215' title='bbox 2100 2976 2387 3059; x_wconf 84' lang='lat' dir='ltr'><strong>simplex</strong></span> <span class='ocrx_word' id='word_1_216' title='bbox 2417 2995 2495 3039; x_wconf 88' lang='lat' dir='ltr'><strong>ac</strong></span> <span class='ocrx_word' id='word_1_217' title='bbox 2526 2973 2741 3039; x_wconf 90' lang='lat' dir='ltr'><strong>simile</strong></span> <span class='ocrx_word' id='word_1_218' title='bbox 2765 2973 2865 3037; x_wconf 88' lang='lat' dir='ltr'><strong>ius</strong></span> 
     </span>
     <span class='ocr_line' id='line_1_26' title="bbox 557 3078 2863 3160; baseline -0.002 -15"><span class='ocrx_word' id='word_1_219' title='bbox 557 3090 625 3145; x_wconf 90' lang='lat' dir='ltr'><strong>et</strong></span> <span class='ocrx_word' id='word_1_220' title='bbox 657 3082 724 3145; x_wconf 92' lang='lat' dir='ltr'><strong>in</strong></span> <span class='ocrx_word' id='word_1_221' title='bbox 755 3080 906 3147; x_wconf 90' lang='lat' dir='ltr'><strong>filiis</strong></span> <span class='ocrx_word' id='word_1_222' title='bbox 939 3091 1007 3146; x_wconf 90' lang='lat' dir='ltr'><strong>et</strong></span> <span class='ocrx_word' id='word_1_223' title='bbox 1039 3082 1104 3146; x_wconf 91' lang='lat' dir='ltr'><strong>in</strong></span> <span class='ocrx_word' id='word_1_224' title='bbox 1129 3081 1391 3147; x_wconf 89' lang='lat' dir='ltr'><strong>filiabus</strong></span> <span class='ocrx_word' id='word_1_225' title='bbox 1420 3092 1491 3147; x_wconf 92' lang='lat' dir='ltr'><strong>et</strong></span> <span class='ocrx_word' id='word_1_226' title='bbox 1521 3082 1589 3146; x_wconf 88' lang='lat' dir='ltr'><strong>in</strong></span> <span class='ocrx_word' id='word_1_227' title='bbox 1618 3080 1853 3147; x_wconf 88' lang='lat' dir='ltr'><strong>ceteris</strong></span> <span class='ocrx_word' id='word_1_228' title='bbox 1883 3079 2439 3145; x_wconf 88' lang='lat' dir='ltr'><strong>descendentibus</strong></span> <span class='ocrx_word' id='word_1_229' title='bbox 2468 3097 2588 3160; x_wconf 90' lang='lat' dir='ltr'><strong>per</strong></span> <span class='ocrx_word' id='word_1_230' title='bbox 2606 3078 2863 3142; x_wconf 85' lang='lat' dir='ltr'><strong>virilem</strong></span> 
     </span>
     <span class='ocr_line' id='line_1_27' title="bbox 557 3184 2864 3267; baseline -0.002 -18"><span class='ocrx_word' id='word_1_231' title='bbox 557 3206 796 3253; x_wconf 88' lang='lat' dir='ltr'><strong>sexum</strong></span> <span class='ocrx_word' id='word_1_232' title='bbox 841 3186 1142 3267; x_wconf 87' lang='lat' dir='ltr'><strong>personis</strong></span> <span class='ocrx_word' id='word_1_233' title='bbox 1185 3208 1320 3251; x_wconf 89' lang='lat' dir='ltr'><strong>non</strong></span> <span class='ocrx_word' id='word_1_234' title='bbox 1363 3186 1579 3250; x_wconf 85' lang='lat' dir='ltr'><strong>solum</strong></span> <span class='ocrx_word' id='word_1_235' title='bbox 1626 3186 1818 3264; x_wconf 71' lang='lat' dir='ltr'><strong>natiS,</strong></span> <span class='ocrx_word' id='word_1_236' title='bbox 1867 3186 1986 3249; x_wconf 89' lang='lat' dir='ltr'><strong>sed</strong></span> <span class='ocrx_word' id='word_1_237' title='bbox 2034 3185 2236 3249; x_wconf 88' lang='lat' dir='ltr'><strong>etiam</strong></span> <span class='ocrx_word' id='word_1_238' title='bbox 2285 3184 2612 3267; x_wconf 88' lang='lat' dir='ltr'><strong>postumis</strong></span> <span class='ocrx_word' id='word_1_239' title='bbox 2661 3184 2864 3245; x_wconf 87' lang='lat' dir='ltr'><strong>intro-</strong></span> 
     </span>
     <span class='ocr_line' id='line_1_28' title="bbox 559 3286 2863 3372; baseline -0.003 -18"><span class='ocrx_word' id='word_1_240' title='bbox 559 3288 774 3369; x_wconf 84' lang='lat' dir='ltr'><strong>duxit,</strong></span> <span class='ocrx_word' id='word_1_241' title='bbox 805 3299 882 3355; x_wconf 89' lang='lat' dir='ltr'><strong>ut</strong></span> <span class='ocrx_word' id='word_1_242' title='bbox 911 3310 1163 3365; x_wconf 92' lang='lat' dir='ltr'><strong>omnes,</strong></span> <span class='ocrx_word' id='word_1_243' title='bbox 1202 3291 1341 3355; x_wconf 88' lang='lat' dir='ltr'><strong>sive</strong></span> <span class='ocrx_word' id='word_1_244' title='bbox 1384 3292 1485 3354; x_wconf 91' lang='lat' dir='ltr'><strong>sui</strong></span> <span class='ocrx_word' id='word_1_245' title='bbox 1530 3290 1669 3354; x_wconf 90' lang='lat' dir='ltr'><strong>sive</strong></span> <span class='ocrx_word' id='word_1_246' title='bbox 1706 3289 2103 3372; x_wconf 88' lang='lat' dir='ltr'><strong>emancipati</strong></span> <span class='ocrx_word' id='word_1_247' title='bbox 2149 3296 2325 3363; x_wconf 90' lang='lat' dir='ltr'><strong>sunt,</strong></span> <span class='ocrx_word' id='word_1_248' title='bbox 2355 3296 2425 3352; x_wconf 92' lang='lat' dir='ltr'><strong>et</strong></span> <span class='ocrx_word' id='word_1_249' title='bbox 2471 3286 2863 3355; x_wconf 83' lang='lat' dir='ltr'><strong>nominatim</strong></span> 
     </span>
     <span class='ocr_line' id='line_1_29' title="bbox 561 3392 2867 3460; baseline -0 -3"><span class='ocrx_word' id='word_1_250' title='bbox 561 3393 1052 3458; x_wconf 86' lang='lat' dir='ltr'><strong>exheredentur</strong></span> <span class='ocrx_word' id='word_1_251' title='bbox 1094 3404 1163 3459; x_wconf 90' lang='lat' dir='ltr'><strong>et</strong></span> <span class='ocrx_word' id='word_1_252' title='bbox 1209 3394 1492 3458; x_wconf 89' lang='lat' dir='ltr'><strong>eundem</strong></span> <span class='ocrx_word' id='word_1_253' title='bbox 1545 3394 1843 3460; x_wconf 89' lang='lat' dir='ltr'><strong>habeant</strong></span> <span class='ocrx_word' id='word_1_254' title='bbox 1888 3392 2198 3457; x_wconf 84' lang='lat' dir='ltr'><strong>effectum</strong></span> <span class='ocrx_word' id='word_1_255' title='bbox 2248 3393 2418 3456; x_wconf 89' lang='lat' dir='ltr'><strong>circa</strong></span> <span class='ocrx_word' id='word_1_256' title='bbox 2462 3399 2867 3456; x_wconf 87' lang='lat' dir='ltr'><strong>testamenta</strong></span> 
     </span>
     <span class='ocr_line' id='line_1_30' title="bbox 560 3497 2943 3585; baseline -0 -25"><span class='ocrx_word' id='word_1_257' title='bbox 560 3506 909 3580; x_wconf 87' lang='lat' dir='ltr'><strong>parentum</strong></span> <span class='ocrx_word' id='word_1_258' title='bbox 931 3518 1198 3560; x_wconf 89' lang='lat' dir='ltr'><strong>suorum</strong></span> <span class='ocrx_word' id='word_1_259' title='bbox 1221 3497 1617 3562; x_wconf 88' lang='lat' dir='ltr'><strong>infirmanda</strong></span> <span class='ocrx_word' id='word_1_260' title='bbox 1639 3508 1707 3563; x_wconf 87' lang='lat' dir='ltr'><strong>et</strong></span> <span class='ocrx_word' id='word_1_261' title='bbox 1730 3498 2171 3563; x_wconf 88' lang='lat' dir='ltr'><strong>hereditatem</strong></span> <span class='ocrx_word' id='word_1_262' title='bbox 2191 3497 2640 3571; x_wconf 86' lang='lat' dir='ltr'><strong>auferendam,</strong></span> <span class='ocrx_word' id='word_1_263' title='bbox 2664 3516 2865 3579; x_wconf 91' lang='lat' dir='ltr'><strong>quem</strong></span> <span class='ocrx_word' id='word_1_264' title='bbox 2932 3576 2943 3585; x_wconf 40' lang='lat'><strong>·</strong></span> 
     </span>
     <span class='ocr_line' id='line_1_31' title="bbox 560 3597 2867 3681; baseline -0.001 -17"><span class='ocrx_word' id='word_1_265' title='bbox 560 3600 676 3664; x_wconf 88' lang='lat' dir='ltr'><strong>filii</strong></span> <span class='ocrx_word' id='word_1_266' title='bbox 707 3599 807 3663; x_wconf 89' lang='lat' dir='ltr'><strong>sui</strong></span> <span class='ocrx_word' id='word_1_267' title='bbox 835 3598 942 3662; x_wconf 84' lang='lat' dir='ltr'><strong>vel</strong></span> <span class='ocrx_word' id='word_1_268' title='bbox 973 3600 1370 3681; x_wconf 90' lang='lat' dir='ltr'><strong>emancipati</strong></span> <span class='ocrx_word' id='word_1_269' title='bbox 1401 3600 1670 3681; x_wconf 89' lang='lat' dir='ltr'><strong>habent,</strong></span> <span class='ocrx_word' id='word_1_270' title='bbox 1694 3602 1832 3667; x_wconf 88' lang='lat' dir='ltr'><strong>sive</strong></span> <span class='ocrx_word' id='word_1_271' title='bbox 1862 3603 1995 3666; x_wconf 92' lang='lat' dir='ltr'><strong>iam</strong></span> <span class='ocrx_word' id='word_1_272' title='bbox 2027 3601 2167 3665; x_wconf 89' lang='lat' dir='ltr'><strong>nati</strong></span> <span class='ocrx_word' id='word_1_273' title='bbox 2196 3609 2352 3663; x_wconf 89' lang='lat' dir='ltr'><strong>sunt</strong></span> <span class='ocrx_word' id='word_1_274' title='bbox 2381 3599 2520 3663; x_wconf 88' lang='lat' dir='ltr'><strong>sive</strong></span> <span class='ocrx_word' id='word_1_275' title='bbox 2549 3597 2768 3663; x_wconf 86' lang='lat' dir='ltr'><strong>adhuc</strong></span> <span class='ocrx_word' id='word_1_276' title='bbox 2797 3599 2867 3661; x_wconf 88' lang='lat' dir='ltr'><strong>in</strong></span> 
     </span>
     <span class='ocr_line' id='line_1_32' title="bbox 562 3704 2868 3787; baseline -0.001 -19"><span class='ocrx_word' id='word_1_277' title='bbox 562 3712 751 3769; x_wconf 87' lang='lat' dir='ltr'><strong>utero</strong></span> <span class='ocrx_word' id='word_1_278' title='bbox 795 3704 1137 3769; x_wconf 90' lang='lat' dir='ltr'><strong>constituti</strong></span> <span class='ocrx_word' id='word_1_279' title='bbox 1166 3716 1402 3787; x_wconf 89' lang='lat' dir='ltr'><strong>postea</strong></span> <span class='ocrx_word' id='word_1_280' title='bbox 1442 3706 1580 3770; x_wconf 87' lang='lat' dir='ltr'><strong>nati</strong></span> <span class='ocrx_word' id='word_1_281' title='bbox 1627 3715 1803 3771; x_wconf 90' lang='lat' dir='ltr'><strong>sunt.</strong></span> <span class='ocrx_word' id='word_1_282' title='bbox 1867 3706 2039 3770; x_wconf 89' lang='lat' dir='ltr'><strong>circa</strong></span> <span class='ocrx_word' id='word_1_283' title='bbox 2076 3704 2427 3787; x_wconf 89' lang='lat' dir='ltr'><strong>adoptivos</strong></span> <span class='ocrx_word' id='word_1_284' title='bbox 2458 3712 2685 3767; x_wconf 88' lang='lat' dir='ltr'><strong>autem</strong></span> <span class='ocrx_word' id='word_1_285' title='bbox 2730 3722 2868 3767; x_wconf 87' lang='lat' dir='ltr'><strong>cer-</strong></span> 
     </span>
     <span class='ocr_line' id='line_1_33' title="bbox 562 3808 2867 3892; baseline -0.001 -19"><span class='ocrx_word' id='word_1_286' title='bbox 562 3820 704 3873; x_wconf 87' lang='lat' dir='ltr'><strong>tam</strong></span> <span class='ocrx_word' id='word_1_287' title='bbox 750 3808 1134 3872; x_wconf 91' lang='lat' dir='ltr'><strong>induximus</strong></span> <span class='ocrx_word' id='word_1_288' title='bbox 1178 3809 1794 3892; x_wconf 76' lang='lat' dir='ltr'><strong>divisionem,‘quae</strong></span> <span class='ocrx_word' id='word_1_289' title='bbox 1840 3809 2294 3875; x_wconf 90' lang='lat' dir='ltr'><strong>constitutioni</strong></span> <span class='ocrx_word' id='word_1_290' title='bbox 2341 3815 2621 3883; x_wconf 90' lang='lat' dir='ltr'><strong>nostrae,</strong></span> <span class='ocrx_word' id='word_1_291' title='bbox 2664 3827 2867 3890; x_wconf 91' lang='lat' dir='ltr'><strong>quam</strong></span> 
     </span>
    </p>
   </div>
   <div class='ocr_carea' id='block_1_3' title="bbox 560 4024 2871 4599">
    <p class='ocr_par' dir='ltr' id='par_1_3' title="bbox 560 4024 2869 4263">
     <span class='ocr_line' id='line_1_34' title="bbox 560 4024 2869 4096; baseline -0.001 -15"><span class='ocrx_word' id='word_1_292' title='bbox 560 4026 662 4082; x_wconf 88' lang='lat' dir='ltr'><strong>but</strong></span> <span class='ocrx_word' id='word_1_293' title='bbox 695 4026 830 4096; x_wconf 88' lang='lat' dir='ltr'><strong>only</strong></span> <span class='ocrx_word' id='word_1_294' title='bbox 854 4027 1018 4083; x_wconf 89' lang='lat' dir='ltr'><strong>those</strong></span> <span class='ocrx_word' id='word_1_295' title='bbox 1043 4027 1187 4096; x_wconf 86' lang='lat' dir='ltr'><strong>who,</strong></span> <span class='ocrx_word' id='word_1_296' title='bbox 1213 4026 1331 4081; x_wconf 87' lang='lat' dir='ltr'><strong>had</strong></span> <span class='ocrx_word' id='word_1_297' title='bbox 1364 4025 1440 4082; x_wconf 84' lang='lat' dir='ltr'><strong>he</strong></span> <span class='ocrx_word' id='word_1_298' title='bbox 1475 4025 1610 4082; x_wconf 91' lang='lat' dir='ltr'><strong>died</strong></span> <span class='ocrx_word' id='word_1_299' title='bbox 1650 4025 1931 4096; x_wconf 72' lang='lat' dir='ltr'><strong>intestate,</strong></span> <span class='ocrx_word' id='word_1_300' title='bbox 1958 4025 2145 4081; x_wconf 80' lang='lat' dir='ltr'><strong>would</strong></span> <span class='ocrx_word' id='word_1_301' title='bbox 2178 4026 2327 4081; x_wconf 86' lang='lat' dir='ltr'><strong>have</strong></span> <span class='ocrx_word' id='word_1_302' title='bbox 2362 4025 2510 4081; x_wconf 88' lang='lat' dir='ltr'><strong>been</strong></span> <span class='ocrx_word' id='word_1_303' title='bbox 2546 4024 2782 4081; x_wconf 87' lang='lat' dir='ltr'><strong>entitled</strong></span> <span class='ocrx_word' id='word_1_304' title='bbox 2807 4036 2869 4081; x_wconf 91' lang='lat' dir='ltr'><strong>to</strong></span> 
     </span>
     <span class='ocr_line' id='line_1_35' title="bbox 561 4108 2866 4181; baseline 0 -17"><span class='ocrx_word' id='word_1_305' title='bbox 561 4109 807 4165; x_wconf 86' lang='lat' dir='ltr'><strong>succeed</strong></span> <span class='ocrx_word' id='word_1_306' title='bbox 849 4108 968 4165; x_wconf 90' lang='lat' dir='ltr'><strong>him</strong></span> <span class='ocrx_word' id='word_1_307' title='bbox 1004 4110 1084 4180; x_wconf 83' lang='lat' dir='ltr'><strong>by</strong></span> <span class='ocrx_word' id='word_1_308' title='bbox 1125 4110 1222 4166; x_wconf 84' lang='lat' dir='ltr'><strong>the</strong></span> <span class='ocrx_word' id='word_1_309' title='bbox 1265 4110 1456 4167; x_wconf 84' lang='lat' dir='ltr'><strong>clause</strong></span> <span class='ocrx_word' id='word_1_310' title='bbox 1492 4109 1552 4166; x_wconf 88' lang='lat' dir='ltr'><strong>in</strong></span> <span class='ocrx_word' id='word_1_311' title='bbox 1591 4109 1691 4168; x_wconf 84' lang='lat' dir='ltr'><strong>the</strong></span> <span class='ocrx_word' id='word_1_312' title='bbox 1734 4109 1887 4166; x_wconf 84' lang='lat' dir='ltr'><strong>edict</strong></span> <span class='ocrx_word' id='word_1_313' title='bbox 1924 4108 2107 4166; x_wconf 85' lang='lat' dir='ltr'><strong>‘unde</strong></span> <span class='ocrx_word' id='word_1_314' title='bbox 2142 4108 2339 4179; x_wconf 85' lang='lat' dir='ltr'><strong>liberi,’</strong></span> <span class='ocrx_word' id='word_1_315' title='bbox 2368 4126 2468 4165; x_wconf 86' lang='lat' dir='ltr'><strong>see</strong></span> <span class='ocrx_word' id='word_1_316' title='bbox 2501 4109 2609 4165; x_wconf 85' lang='lat' dir='ltr'><strong>Bk.</strong></span> <span class='ocrx_word' id='word_1_317' title='bbox 2636 4109 2711 4166; x_wconf 88' lang='lat' dir='ltr'><strong>iii.</strong></span> <span class='ocrx_word' id='word_1_318' title='bbox 2738 4125 2787 4181; x_wconf 88' lang='lat'><strong>9.</strong></span> <span class='ocrx_word' id='word_1_319' title='bbox 2816 4122 2866 4177; x_wconf 87' lang='grc'><strong>3.</strong></span> 
     </span>
     <span class='ocr_line' id='line_1_36' title="bbox 562 4192 1008 4263; baseline 0 -14"><span class='ocrx_word' id='word_1_320' title='bbox 562 4193 679 4249; x_wconf 89' lang='lat' dir='ltr'><strong>and</strong></span> <span class='ocrx_word' id='word_1_321' title='bbox 703 4203 884 4263; x_wconf 87' lang='lat' dir='ltr'><strong>notes,</strong></span> <span class='ocrx_word' id='word_1_322' title='bbox 910 4192 1008 4249; x_wconf 84' lang='lat' dir='ltr'><strong>inf.</strong></span> 
     </span>
    </p>

    <p class='ocr_par' dir='ltr' id='par_1_4' title="bbox 561 4273 2871 4599">
     <span class='ocr_line' id='line_1_37' title="bbox 637 4273 2871 4346; baseline 0 -16"><span class='ocrx_word' id='word_1_323' title='bbox 637 4278 670 4345; x_wconf 85' lang='lat'>§</span> <span class='ocrx_word' id='word_1_324' title='bbox 696 4279 754 4333; x_wconf 82' lang='lat'><strong>5.</strong></span> <span class='ocrx_word' id='word_1_325' title='bbox 793 4277 880 4346; x_wconf 83' lang='lat' dir='ltr'><strong>By</strong></span> <span class='ocrx_word' id='word_1_326' title='bbox 916 4276 1014 4333; x_wconf 88' lang='lat' dir='ltr'><strong>the</strong></span> <span class='ocrx_word' id='word_1_327' title='bbox 1052 4276 1422 4332; x_wconf 87' lang='lat' dir='ltr'><strong>constitution</strong></span> <span class='ocrx_word' id='word_1_328' title='bbox 1465 4287 1525 4333; x_wconf 92' lang='lat' dir='ltr'><strong>to</strong></span> <span class='ocrx_word' id='word_1_329' title='bbox 1562 4276 1746 4333; x_wconf 83' lang='lat' dir='ltr'><strong>which</strong></span> <span class='ocrx_word' id='word_1_330' title='bbox 1787 4277 1861 4331; x_wconf 85' lang='lat' dir='ltr'><strong>he</strong></span> <span class='ocrx_word' id='word_1_331' title='bbox 1896 4276 2071 4333; x_wconf 83' lang='lat' dir='ltr'><strong>refers</strong></span> <span class='ocrx_word' id='word_1_332' title='bbox 2110 4275 2277 4345; x_wconf 81' lang='lat' dir='ltr'><strong>(Cod.</strong></span> <span class='ocrx_word' id='word_1_333' title='bbox 2300 4276 2351 4333; x_wconf 90' lang='lat'><strong>6.</strong></span> <span class='ocrx_word' id='word_1_334' title='bbox 2381 4276 2466 4330; x_wconf 82' lang='lat'><strong>28.</strong></span> <span class='ocrx_word' id='word_1_335' title='bbox 2490 4274 2548 4344; x_wconf 86' lang='lat'><strong>4)</strong></span> <span class='ocrx_word' id='word_1_336' title='bbox 2586 4273 2871 4345; x_wconf 86' lang='lat' dir='ltr'><strong>Justinian</strong></span> 
     </span>
     <span class='ocr_line' id='line_1_38' title="bbox 561 4358 2869 4433; baseline -0.001 -18"><span class='ocrx_word' id='word_1_337' title='bbox 561 4360 826 4433; x_wconf 81' lang='lat' dir='ltr'><strong>required</strong></span> <span class='ocrx_word' id='word_1_338' title='bbox 859 4361 936 4416; x_wconf 86' lang='lat' dir='ltr'><strong>all</strong></span> <span class='ocrx_word' id='word_1_339' title='bbox 971 4360 1370 4431; x_wconf 86' lang='lat' dir='ltr'><strong>descendants,</strong></span> <span class='ocrx_word' id='word_1_340' title='bbox 1407 4363 1594 4417; x_wconf 77' lang='lat' dir='ltr'><strong>whom</strong></span> <span class='ocrx_word' id='word_1_341' title='bbox 1631 4362 1825 4417; x_wconf 81' lang='lat' dir='ltr'><strong>before</strong></span> <span class='ocrx_word' id='word_1_342' title='bbox 1862 4359 1905 4417; x_wconf 87' lang='lat' dir='ltr'><strong>it</strong></span> <span class='ocrx_word' id='word_1_343' title='bbox 1938 4360 2057 4415; x_wconf 87' lang='lat' dir='ltr'><strong>had</strong></span> <span class='ocrx_word' id='word_1_344' title='bbox 2091 4360 2239 4415; x_wconf 87' lang='lat' dir='ltr'><strong>been</strong></span> <span class='ocrx_word' id='word_1_345' title='bbox 2274 4376 2581 4429; x_wconf 86' lang='lat' dir='ltr'><strong>necessary</strong></span> <span class='ocrx_word' id='word_1_346' title='bbox 2604 4369 2667 4414; x_wconf 89' lang='lat' dir='ltr'><strong>to</strong></span> <span class='ocrx_word' id='word_1_347' title='bbox 2695 4358 2869 4413; x_wconf 85' lang='lat' dir='ltr'><strong>disin-</strong></span> 
     </span>
     <span class='ocr_line' id='line_1_39' title="bbox 563 4441 2869 4514; baseline 0 -15"><span class='ocrx_word' id='word_1_348' title='bbox 563 4443 710 4501; x_wconf 87' lang='lat' dir='ltr'><strong>herit</strong></span> <span class='ocrx_word' id='word_1_349' title='bbox 735 4455 795 4500; x_wconf 86' lang='lat' dir='ltr'><strong>at</strong></span> <span class='ocrx_word' id='word_1_350' title='bbox 830 4444 922 4514; x_wconf 82' lang='lat' dir='ltr'><strong>all,</strong></span> <span class='ocrx_word' id='word_1_351' title='bbox 947 4454 1008 4500; x_wconf 88' lang='lat' dir='ltr'><strong>to</strong></span> <span class='ocrx_word' id='word_1_352' title='bbox 1032 4444 1105 4499; x_wconf 87' lang='lat' dir='ltr'><strong>be</strong></span> <span class='ocrx_word' id='word_1_353' title='bbox 1131 4443 1188 4498; x_wconf 88' lang='lat' dir='ltr'><strong>in</strong></span> <span class='ocrx_word' id='word_1_354' title='bbox 1223 4444 1408 4501; x_wconf 77' lang='lat' dir='ltr'><strong>future</strong></span> <span class='ocrx_word' id='word_1_355' title='bbox 1446 4445 1628 4502; x_wconf 86' lang='lat' dir='ltr'><strong>either</strong></span> <span class='ocrx_word' id='word_1_356' title='bbox 1662 4443 1975 4513; x_wconf 84' lang='lat' dir='ltr'><strong>instituted,</strong></span> <span class='ocrx_word' id='word_1_357' title='bbox 2000 4461 2066 4498; x_wconf 86' lang='lat' dir='ltr'><strong>or</strong></span> <span class='ocrx_word' id='word_1_358' title='bbox 2101 4441 2477 4499; x_wconf 83' lang='lat' dir='ltr'><strong>disinherited</strong></span> <span class='ocrx_word' id='word_1_359' title='bbox 2511 4441 2869 4499; x_wconf 81' lang='lat' dir='ltr'><strong>nominatim.</strong></span> 
     </span>
     <span class='ocr_line' id='line_1_40' title="bbox 567 4524 2868 4599; baseline -0 -16"><span class='ocrx_word' id='word_1_360' title='bbox 567 4528 638 4583; x_wconf 91' lang='lat' dir='ltr'><strong>In</strong></span> <span class='ocrx_word' id='word_1_361' title='bbox 664 4527 894 4599; x_wconf 78' lang='lat' dir='ltr'><strong>desault,</strong></span> <span class='ocrx_word' id='word_1_362' title='bbox 921 4527 969 4583; x_wconf 85' lang='lat' dir='ltr'><strong>if</strong></span> <span class='ocrx_word' id='word_1_363' title='bbox 993 4528 1092 4584; x_wconf 90' lang='lat' dir='ltr'><strong>the</strong></span> <span class='ocrx_word' id='word_1_364' title='bbox 1124 4527 1516 4599; x_wconf 84' lang='lat' dir='ltr'><strong>pretermitted</strong></span> <span class='ocrx_word' id='word_1_365' title='bbox 1544 4527 1701 4585; x_wconf 87' lang='lat' dir='ltr'><strong>child</strong></span> <span class='ocrx_word' id='word_1_366' title='bbox 1736 4544 1851 4583; x_wconf 88' lang='lat' dir='ltr'><strong>was</strong></span> <span class='ocrx_word' id='word_1_367' title='bbox 1876 4544 1913 4583; x_wconf 87' lang='lat' dir='ltr'><strong>a</strong></span> <span class='ocrx_word' id='word_1_368' title='bbox 1936 4544 2089 4599; x_wconf 87' lang='lat' dir='ltr'><strong>suus,</strong></span> <span class='ocrx_word' id='word_1_369' title='bbox 2114 4527 2211 4583; x_wconf 89' lang='lat' dir='ltr'><strong>the</strong></span> <span class='ocrx_word' id='word_1_370' title='bbox 2245 4526 2357 4581; x_wconf 85' lang='lat' dir='ltr'><strong>will</strong></span> <span class='ocrx_word' id='word_1_371' title='bbox 2382 4542 2498 4581; x_wconf 86' lang='lat' dir='ltr'><strong>was</strong></span> <span class='ocrx_word' id='word_1_372' title='bbox 2521 4524 2691 4591; x_wconf 86' lang='lat' dir='ltr'><strong>void:</strong></span> <span class='ocrx_word' id='word_1_373' title='bbox 2731 4524 2868 4591; x_wconf 72' lang='lat' dir='ltr'><strong>ifhe</strong></span> 
     </span>
    </p>
   </div>
  </div>
 </body>
</html>
