3230 5116
340 418 441 466 Tit.
470 411 537 478 1.]
761 410 885 465 DE
930 408 1235 466 OBLJGA
1249 410 1541 465 TJONJB
1551 410 1652 465 css
1697 409 1951 482 QUAE,
1996 411 2176 471 Ere.
2513 421 2640 493 503

340 598 475 642 non
506 576 664 641 fieri.
728 577 901 640 unde
933 576 1091 640 illud
1126 575 1497 658 quaesitum
1532 585 1652 656 est,
1683 598 1832 642 cum
1859 578 2074 646 Titius
2104 599 2363 643 servum
2396 579 2642 645 Maevii

338 680 804 754 sollicitaverit,
852 690 926 744 ut
978 681 1303 762 quasdam
1348 700 1451 742 res
1498 680 1772 745 domino
1821 681 2185 764 subriperet
2237 693 2306 746 et
2353 684 2438 746 ad
2489 703 2641 745 eum

336 784 671 867 perferret,
721 794 789 848 et
822 805 1047 847 servus
1092 785 1159 847 id
1206 785 1293 847 ad
1342 784 1680 849 Maevium
1717 786 2076 868 pertulerit,
2118 787 2436 863 MaeviuS,
2478 786 2639 849 dum

336 887 483 952 vult
542 887 795 950 Titium
863 889 928 951 in
990 887 1134 970 ipso
1205 887 1449 952 delicto
1514 889 2026 971 deprehendere,
2088 891 2384 972 permisit
2451 911 2639 953 servo

336 993 662 1075 quasdam
710 1012 811 1054 res
856 992 941 1055 ad
998 1012 1149 1056 eum
1192 991 1495 1074 perferre,
1544 1003 1766 1058 utrum
1809 993 1961 1059 furti
2007 1015 2094 1058 an
2139 996 2306 1058 servi
2352 995 2638 1076 corrupti

336 1097 581 1160 iudicio
638 1105 943 1161 teneatur
985 1095 1220 1175 Titius,
1266 1117 1351 1160 an
1398 1096 1677 1162 neutro?
1735 1109 1804 1162 et
1846 1119 2000 1162 cum
2046 1098 2236 1162 nobis
2279 1118 2478 1181 super
2516 1099 2640 1162 hac

336 1199 754 1263 dubitatione
800 1210 1189 1283 suggestum
1236 1211 1336 1264 est
1382 1210 1450 1264 et
1494 1203 1916 1284 antiquorum
1969 1201 2392 1285 prudentium
2445 1222 2640 1284 super

334 1302 465 1367 hoc
509 1304 971 1368 altercationes
1007 1305 1487 1387 perspeximuS,
1529 1306 1929 1388 quibusdam
1968 1325 2180 1389 neque
2223 1305 2380 1369 furti
2427 1325 2642 1388 neque

336 1408 505 1470 servi
536 1409 821 1491 corrupti
851 1410 1180 1472 actionem
1212 1410 1718 1492 praestantibuS,
1742 1411 2140 1492 quibusdam
2163 1410 2316 1473 furti
2348 1419 2640 1474 tantum-

337 1513 579 1576 modo:
627 1533 745 1576 nos
788 1511 1164 1578 huiusmodi
1210 1513 1559 1578 calliditati
1605 1513 1870 1577 obviam
1915 1524 2146 1578 euntes
2184 1535 2304 1597 per
2344 1523 2638 1578 nostram

336 1616 739 1679 decisionem
793 1618 1139 1680 sanximus
1194 1638 1324 1681 non
1387 1617 1601 1681 solum
1657 1616 1810 1680 furti
1864 1618 2211 1694 actionem,
2263 1618 2380 1681 sed
2435 1617 2636 1681 etiarn

334 1719 505 1781 servi
550 1720 838 1802 corrupti
883 1728 1111 1783 contra
1158 1739 1313 1782 eum
1350 1720 1526 1783 dari:
1574 1720 1728 1784 licet
1769 1722 1946 1783 enim
1989 1720 2044 1783 is
2085 1741 2311 1784 servus
2354 1721 2642 1784 deterior

335 1843 378 1885 a
436 1822 860 1888 sollicitatore
920 1823 1192 1886 minime
1254 1822 1469 1887 factus
1530 1831 1633 1886 est
1700 1832 1770 1886 et
1843 1825 1994 1888 ideo
2055 1844 2188 1886 non
2249 1833 2639 1887 concurrant

334 1927 618 2007 regulae,
665 1948 837 2009 quae
886 1929 1055 1990 servi
1117 1927 1407 2009 corrupti
1469 1928 1798 1991 actionem
1855 1927 2364 2004 introducerent,
2412 1936 2638 1990 tamen

335 2030 680 2093 consilium
704 2030 1099 2113 corruptoris
1121 2031 1205 2093 ad
1238 2030 1593 2111 perniciem
1619 2029 1968 2111 probitatis
1991 2029 2156 2093 servi
2191 2029 2640 2093 introductum

335 2143 455 2210 est,
487 2143 561 2197 ut
591 2136 676 2198 sit
718 2135 778 2197 ei
819 2133 1115 2216 poenalis
1159 2135 1333 2197 aetio
1376 2134 1706 2216 imposita,
1750 2143 2092 2216 tamquam
2131 2152 2200 2197 re
2237 2134 2381 2216 ipsa
2410 2132 2640 2196 fuisset

335 2258 559 2301 servus
609 2248 971 2321 corruptus,
1028 2258 1112 2301 ne
1166 2259 1255 2301 ex
1305 2236 1684 2301 huiusmodi
1743 2237 2138 2319 impunitate
2190 2246 2258 2300 et
2318 2237 2384 2300 in
2436 2235 2640 2300 alium

333 2362 613 2418 servum,
659 2343 771 2425 qui
818 2343 1028 2424 possit
1073 2342 1421 2424 corrumpi,
1468 2341 1605 2405 tale
1653 2341 1906 2405 facinus
1954 2362 1999 2405 a
2047 2341 2444 2424 quibusdam
2491 2361 2638 2423 per-

333 2455 651 2528 petretur.
744 2446 1093 2510 Interdum
1156 2448 1357 2510 etiam
1418 2444 1776 2509 liberorum
1836 2444 2180 2508 hominum
2241 2444 2488 2509 furtum
2543 2443 2636 2520 fit,
2666 2455 2702 2510 9

332 2551 537 2615 veluti
568 2552 621 2615 si
654 2552 800 2633 quis
830 2550 1184 2615 liberorum
1218 2560 1610 2629 nostrorum,
1643 2551 1754 2633 qui
1793 2550 1859 2613 in
1907 2560 2242 2632 potestate
2280 2560 2504 2615 nostra
2534 2548 2638 2624 sit,

334 2656 685 2737 subreptus
736 2655 947 2719 suerit.
1054 2655 1442 2737 Aliquando
1486 2664 1714 2718 autem
1761 2656 1963 2719 etiam
2011 2675 2170 2718 suae
2215 2655 2308 2718 rei
2360 2656 2638 2736 quisque
2671 2668 2737 2723 10

330 2758 576 2822 furtum
609 2758 984 2834 committit,
1009 2757 1210 2820 veluti
1246 2759 1301 2821 si
1325 2758 1586 2821 debitor
1610 2778 1750 2821 rem
1781 2778 1982 2840 quam
2007 2757 2312 2823 creditori
2343 2757 2638 2841 pignoris

336 2881 533 2925 causa
565 2862 750 2925 dedit
782 2860 1205 2924 subtraxerit.

333 3115 547 3171 teneri:
586 3116 749 3186 surt0,
782 3116 910 3170 ideo
936 3115 1090 3188 quod
1113 3133 1229 3171 non
1265 3114 1440 3172 invito
1474 3134 1565 3171 me
1600 3134 1721 3171 rem
1751 3114 2157 3172 contrectavit:
2197 3116 2342 3171 servi
2371 3116 2640 3187 corrupti,

336 3199 465 3254 ideo
492 3200 644 3271 quod
670 3198 914 3255 deterior
938 3204 1133 3254 servus
1158 3200 1341 3254 sactus
1366 3216 1481 3254 non
1508 3210 1595 3255 est
1621 3219 1634 3255 z
1656 3202 1670 3227 '
1706 3199 1820 3254 and
1855 3199 1966 3254 this
1993 3209 2298 3255 statement
2330 3200 2397 3254 of
2412 3200 2509 3253 the
2535 3200 2640 3253 law

334 3302 521 3339 seems
545 3300 718 3338 never
742 3294 803 3339 to
828 3285 973 3338 have
998 3284 1145 3339 been
1172 3282 1507 3354 questioned
1538 3283 1614 3353 by
1641 3284 1737 3337 the
1757 3282 1970 3353 juristS.
2040 3282 2368 3353 Justinian's
2393 3298 2520 3335 own
2543 3298 2638 3335 en-

333 3376 584 3422 actment
610 3366 659 3421 is
685 3367 743 3421 in
772 3367 911 3422 Cod.
940 3367 990 3420 6.
1019 3382 1070 3420 2.
1098 3382 1183 3422 20.
1260 3369 1373 3422 For
1398 3383 1776 3422 concurrence
1801 3366 1868 3421 of
1895 3366 2116 3421 actions
2143 3382 2218 3420 on
2244 3366 2340 3421 the
2367 3382 2527 3419 same
2551 3376 2638 3419 set

332 3451 399 3505 of
414 3451 855 3506 circumstances
882 3468 979 3505 see
1006 3450 1114 3506 Tit.
1144 3466 1195 3520 9.
1228 3466 1247 3505 1
1280 3449 1378 3506 inf.

405 3532 433 3605 ยง
461 3538 518 3590 9.
556 3536 637 3588 As
674 3536 792 3589 free
828 3551 1065 3604 persons
1102 3535 1230 3588 who
1266 3534 1435 3588 could
1471 3534 1543 3589 be
1582 3534 1783 3602 stolen,
1808 3532 2038 3588 besides
2065 3530 2318 3587 children
2345 3530 2402 3584 in
2431 3546 2637 3600 power,

333 3618 510 3674 Gaius
536 3620 743 3688 speaks
768 3618 833 3673 of
852 3617 1021 3673 wives
1048 3618 1103 3672 in
1130 3635 1319 3687 manu,
1350 3616 1581 3673 iudicati
1612 3618 1916 3687 (insolvent
1942 3615 2174 3670 debtors
2200 3615 2326 3668 who
2350 3614 2464 3667 had
2489 3614 2636 3668 been

331 3700 574 3768 addicti)
593 3702 707 3756 and
733 3700 893 3755 hired
917 3700 1225 3769 gladiators
1253 3700 1583 3766 (auctorati)
1607 3718 1620 3753 ฮต
1660 3700 1756 3754 the
1783 3700 2000 3753 offence
2027 3698 2194 3753 could
2219 3698 2290 3751 be
2317 3696 2636 3767 proceeded

332 3784 554 3853 against
580 3784 896 3854 criminally
912 3784 1093 3840 under
1116 3786 1213 3840 the
1238 3786 1329 3839 lex
1358 3784 1553 3852 Fabia,
1571 3782 1681 3838 Tit.
1711 3784 1787 3838 18.
1819 3782 1994 3836 toinf.
2051 3779 2320 3836 Children
2347 3778 2402 3833 in
2430 3797 2634 3850 power,

332 3868 380 3922 if
396 3868 597 3937 stolen,
622 3886 767 3923 were
806 3870 1111 3923 recovered
1147 3869 1225 3938 by
1250 3867 1575 3936 vindicatiO,
1608 3866 1742 3935 Dig.
1763 3867 1814 3921 6.
1839 3881 1884 3920 1.
1908 3879 1950 3920 1.
1970 3880 2020 3933 2,
2047 3864 2320 3933 damages
2359 3862 2415 3917 in
2452 3862 2632 3918 which

332 3970 478 4007 were
514 3952 815 4008 estimated
847 3952 926 4020 by
960 3953 1057 4007 the
1093 3952 1401 4022 pecuniary
1438 3952 1553 4005 loss
1591 3950 1772 4004 which
1813 3950 1912 4005 the
1949 3959 2112 4019 pater
2137 3948 2251 4002 had
2287 3947 2548 4015 suffered,
2574 3950 2634 4000 ฯแฝธ

333 4037 584 4105 ฮดฮนแฝฑฯฮตฯฮฟฮฝ
620 4036 878 4106 Theoph.
902 4053 915 4090 ฮน
956 4036 1026 4090 ef.
1064 4035 1173 4090 Tit.
1219 4047 1264 4104 5.
1298 4051 1321 4089 1
1351 4035 1447 4089 ins.
1474 4035 1581 4089 โob
1608 4032 1900 4089 hominem
1924 4033 2162 4088 liberum
2192 4070 2206 4086 .
2235 4073 2247 4087 .
2275 4073 2289 4086 .
2315 4072 2328 4087 .
2359 4040 2632 4101 quantum

334 4119 408 4173 ob
434 4136 563 4174 eam
590 4136 711 4173 rem
736 4135 981 4189 aequum
1009 4118 1175 4173 iudici
1204 4119 1459 4173 videtur.'

404 4200 432 4272 ฮพ
462 4206 553 4257 10.
593 4202 763 4256 Theft
801 4202 865 4255 of
896 4219 931 4256 a
974 4218 1065 4256 res
1101 4220 1205 4256 sua
1242 4219 1357 4256 was
1396 4218 1461 4255 so
1498 4216 1842 4255 uncommon
1879 4216 1916 4253 a
1951 4216 2084 4254 case
2121 4200 2244 4253 that
2283 4196 2340 4252 in
2382 4196 2632 4267 defining

331 4286 537 4340 furtum
580 4286 679 4339 the
710 4284 905 4355 jurists
942 4286 1097 4339 osten
1135 4286 1317 4354 forget
1342 4296 1403 4340 to
1439 4284 1571 4339 take
1603 4283 1644 4338 it
1683 4283 1803 4337 into
1837 4280 2286 4337 consideration:
2346 4278 2437 4350 ยง6
2461 4296 2630 4349 suprโ

330 4386 449 4423 rem
477 4369 719 4424 alienam
749 4388 762 4423 :
801 4369 871 4422 cf.
899 4368 1160 4423 Sabinusโ
1179 4368 1473 4423 definition
1500 4366 1557 4420 in
1585 4367 1730 4421 Gell.
1758 4381 1777 4420 1
1794 4382 1834 4421 1.
1864 4368 1926 4420 18
1951 4366 2067 4421 and
2090 4366 2243 4420 Paul.
2273 4372 2416 4418 sent.
2440 4380 2550 4416 rec.
2581 4378 2628 4417 2.

332 4468 416 4522 31.
441 4469 461 4508 1
485 4451 637 4507 cited
656 4470 729 4507 on
754 4452 832 4521 (1)
855 4470 908 4522 p.
926 4467 1033 4521 499
1048 4468 1199 4523 supr.
1254 4452 1461 4506 Paulus
1482 4468 1625 4506 even
1650 4466 1788 4519 goes
1805 4466 1872 4504 so
1891 4450 1976 4503 sar
1991 4466 2054 4504 as
2069 4459 2130 4503 to
2149 4466 2252 4517 say
2270 4446 2286 4475 โ
2301 4446 2380 4501 rei
2402 4456 2630 4501 nostrae

330 4538 536 4592 furtum
576 4536 763 4593 facere
812 4554 927 4591 non
969 4554 1271 4607 possumus
1292 4538 1305 4565 โ
1345 4536 1419 4593 ib.
1462 4552 1547 4592 21.
1620 4538 1712 4589 An
1756 4552 1947 4591 owner
1985 4532 2316 4590 committed
2363 4531 2508 4586 thest
2552 4531 2626 4601 by
