3230 5116
392 432 492 481 Tit.
515 425 621 492 πα]
1267 421 1390 477 DE
1431 420 1544 476 LE
1547 420 1656 477 GA
1668 420 1819 477 TIS.
2561 409 2641 475 28
2652 430 2679 475 1

394 590 734 674 utriusque
783 586 940 653 iuris
998 585 1264 671 cognita
1322 584 1514 660 facile
1571 586 1829 670 possint
1885 585 2399 672 permixtionem
2459 606 2687 652 eorum

395 695 631 761 eruditi
671 693 1119 778 suptilioribus
1154 691 1419 757 auribus
1447 691 1762 775 accipere.

483 800 639 864 Non
683 799 902 862 solum
946 805 1172 862 autem
1218 797 1555 862 testatoris
1599 795 1705 860 vel
1750 795 2009 862 heredis
2056 816 2175 876 res,
2208 796 2323 861 sed
2362 806 2429 861 et
2472 796 2689 862 aliena
2714 801 2751 854 4

395 903 599 988 legari
630 912 855 988 potest
881 925 897 966 ε
941 902 1036 966 ita
1067 911 1140 966 ut
1169 900 1360 966 heroe
1390 910 1666 983 cogatur
1701 901 2021 967 redimere
2060 922 2210 966 eam
2252 912 2321 966 et
2353 911 2691 987 praestare

395 1009 520 1083 vel,
554 1008 608 1071 si
641 1027 773 1070 non
808 1015 1030 1091 potest
1065 1005 1404 1084 redimere,
1441 1005 1975 1070 aestimationem
2022 1005 2161 1070 eius
2205 1007 2381 1071 dare.
2474 1007 2587 1071 sed
2635 1006 2691 1069 si

398 1110 550 1176 talis
592 1130 696 1175 res
740 1111 842 1190 sit,
873 1110 1058 1174 cuius
1101 1127 1233 1172 non
1279 1119 1380 1172 est
1419 1109 1907 1186 commercium,
1952 1129 2075 1174 nec
2126 1109 2503 1175 aestimatio
2555 1109 2695 1174 eius

398 1216 694 1290 debetur,
725 1213 913 1278 sicuti
963 1214 1018 1276 si
1065 1231 1374 1295 campum
1423 1211 1745 1276 Martium
1792 1213 1901 1277 vel·
1938 1212 2245 1278 basilicas
2284 1212 2388 1277 vel
2441 1213 2695 1296 templa

399 1319 505 1384 vel
551 1339 726 1401 quae
780 1316 1043 1402 publico
1087 1318 1231 1381 usui
1272 1317 1604 1382 destinata
1650 1328 1805 1383 sunt
1849 1317 2207 1403 legaverit:
2255 1339 2408 1381 nam
2454 1318 2695 1382 nullius

401 1423 722 1486 momenti
779 1421 1076 1504 legatum
1138 1428 1261 1485 est.
1352 1421 1531 1503 quod
1581 1430 1809 1486 autem
1868 1423 2161 1486 diximus
2214 1422 2499 1486 alienam
2557 1442 2695 1486 rem

401 1545 598 1610 posse
622 1525 841 1608 legari,
865 1525 960 1589 ita
985 1521 1502 1608 intellegendum
1526 1534 1647 1600 est,
1668 1525 1722 1588 si
1754 1525 2103 1592 defunctus
2131 1525 2382 1591 sciebat
2412 1525 2696 1589 alienam

403 1651 542 1695 rem
572 1650 736 1709 esse,
760 1650 892 1694 non
924 1639 990 1694 et
1021 1629 1075 1694 si
1107 1627 1492 1710 ignorabat:
1539 1628 1811 1694 forsitan
1843 1633 2041 1707 enim,
2066 1632 2121 1695 si
2144 1631 2374 1696 scisset
2394 1629 2698 1710 alienam,

407 1754 538 1798 non
567 1733 876 1816 legasset.
952 1742 1019 1797 et
1050 1733 1144 1796 ita
1174 1733 1364 1796 divus
1397 1732 1550 1797 Pius
1581 1734 1932 1816 rescripsit.
2007 1743 2075 1799 et
2103 1735 2318 1799 verius
2350 1743 2450 1797 est
2480 1734 2695 1817 ipsum

405 1839 516 1920 qui
563 1839 722 1921 agit,
767 1838 831 1901 id
882 1845 985 1902 est
1025 1819 1436 1920 legatariu'm,
1474 1837 1758 1918 probare
1809 1846 2113 1920 oportere
2167 1841 2366 1903 scisse
2414 1838 2699 1902 alienam

405 1961 544 2005 rem
574 1940 796 2025 legare
818 1940 1218 2016 defunctum,
1245 1960 1378 2004 non
1401 1938 1718 2004 heredem
1740 1941 2021 2023 probare
2041 1951 2345 2023 oportere
2365 1942 2701 2024 ignorasse

405 2045 704 2125 alienam,
726 2047 882 2127 quia
903 2066 1166 2128 semper
1189 2047 1544 2110 necessitas
1567 2045 1892 2127 probandi
1922 2047 2243 2111 incumbit
2275 2046 2366 2109 illi
2398 2047 2509 2128 qui
2541 2046 2699 2129 agit.

408 2150 546 2216 Sed
601 2160 669 2215 et
715 2152 771 2214 si
811 2170 950 2214 rem
999 2149 1362 2234 obligatam
1409 2149 1715 2214 creditori
1768 2150 2005 2233 aliquis
2054 2150 2392 2234 legaverit,
2436 2169 2703 2214 necesse
2728 2163 2764 2216 5

405 2254 609 2319 habet
639 2254 830 2319 heres
859 2255 1056 2321 luere.
1146 2263 1213 2318 et
1254 2255 1382 2319 hoc
1421 2275 1687 2338 quoque
1729 2275 1882 2320 casu
1926 2255 2102 2320 idem
2144 2255 2385 2339 placet,
2424 2255 2604 2339 quod
2635 2256 2702 2320 in

407 2379 478 2422 re
506 2357 738 2434 aliena,
771 2367 845 2422 ut
885 2359 979 2423 ita
1019 2359 1292 2423 demum
1332 2357 1512 2423 luere
1553 2379 1817 2424 necesse
1846 2358 2091 2424 habeat
2131 2359 2339 2438 heres,
2370 2360 2423 2423 si
2454 2360 2706 2424 sciebat

409 2461 758 2526 defunctus
797 2482 934 2526 rem
972 2463 1339 2545 obligatam
1387 2483 1574 2526 esse:5
1620 2471 1689 2526 et
1734 2463 1827 2528 ita
1872 2463 2005 2528 divi
2053 2462 2336 2528 Severus
2382 2474 2452 2529 et
2481 2463 2703 2528 Anto-

410 2567 601 2630 ninus
625 2568 1109 2649 rescripserunt.
1154 2568 1210 2631 si
1234 2577 1461 2631 tamen
1491 2566 1843 2632 defunctus
1869 2567 2075 2633 voluit
2108 2568 2495 2652 legatarium
2524 2568 2707 2633 luere

289 2728 296 2734 .
410 2680 478 2734 et
521 2668 648 2739 hoc
694 2673 1039 2755 expressit,
1071 2692 1204 2735 non
1251 2672 1453 2738 debet
1496 2672 1689 2737 heres
1735 2694 1884 2737 eam
1934 2670 2130 2739 luere.
2221 2672 2296 2740 Si
2338 2695 2447 2737 res
2490 2674 2707 2738 aliena
2730 2682 2767 2737 6

412 2774 629 2858 legata
672 2776 869 2841 fuerit
915 2786 981 2841 et
1023 2777 1161 2841 eius
1197 2778 1348 2841 vivo
1385 2786 1703 2842 testatore
1748 2777 2105 2862 legatarius
2150 2778 2460 2844 dominus
2496 2779 2709 2843 factus

411 2880 623 2957 suerit,
669 2881 723 2945 si
769 2880 1038 2965 quidem
1085 2904 1174 2947 ex
1207 2902 1404 2947 causa
1448 2883 1819 2965 emptionis,
1866 2904 1955 2946 ex
2002 2893 2403 2949 testamento
2449 2884 2711 2947 actione

412 2984 698 3065 pretium
730 2986 1040 3069 consequi
1069 2994 1292 3070 potest
1319 3008 1333 3049 :
1381 2986 1434 3049 si
1465 3006 1621 3049 vero
1653 3006 1741 3051 ex
1783 3006 1982 3051 causa
2011 2985 2345 3061 lucrativa,
2376 2986 2580 3049 veluti
2620 3006 2707 3049 ex

414 3090 770 3155 donatione
816 3089 922 3154 vel
973 3112 1065 3155 ex
1111 3091 1242 3156 alia
1287 3091 1485 3155 simili
1532 3104 1747 3169 causa,
1799 3109 1997 3175 agere
2042 3112 2175 3155 non
2222 3101 2463 3175 potest.
2553 3111 2708 3154 nam

415 3194 734 3258 traditum
767 3203 866 3258 est
896 3194 1064 3261 duas
1101 3190 1449 3260 lucrativas
1491 3214 1723 3259 causas
1758 3195 1824 3257 in
1856 3194 2142 3258 eundem
2178 3194 2513 3258 hominem
2546 3203 2613 3259 et
2643 3196 2711 3258 in

416 3298 697 3363 eandem
729 3320 869 3363 rem
898 3320 1278 3365 concurrere
1313 3319 1446 3365 non
1483 3319 1696 3382 posse.
1785 3298 1910 3363 hac
1946 3300 2199 3364 ratione
2235 3300 2289 3362 si
2332 3320 2421 3362 ex
2450 3298 2713 3362 duobus

415 3404 830 3468 testamentis
862 3406 1096 3469 eadem
1130 3424 1230 3467 res
1263 3404 1479 3468 eidem
1510 3404 1849 3479 debeatur,
1883 3404 2171 3481 interest,
2205 3414 2423 3469 utrum
2456 3423 2596 3469 rem
2628 3424 2712 3467 an

416 3509 946 3573 aestimationem
1001 3530 1088 3573 ex
1143 3518 1545 3574 testamento
1596 3518 1985 3574 consecutus
2037 3517 2182 3573 est:
2240 3530 2397 3573 nam
2450 3509 2505 3571 si
2555 3528 2714 3588 rem,

415 3634 613 3697 agere
643 3634 775 3677 non
806 3623 1048 3695 potest,
1083 3615 1238 3697 quia
1265 3613 1472 3679 habet
1503 3633 1653 3678 eam
1696 3633 1783 3677 ex
1824 3634 2023 3677 causa
2063 3613 2397 3689 lucrativa,
2431 3614 2485 3678 si
2517 3613 2715 3678 aesti-

489 3885 603 3958 §4.
653 3888 778 3943 The
819 3898 943 3943 true
983 3888 1120 3956 rule,
1157 3885 1223 3940 os
1250 3884 1434 3940 which
1468 3884 1601 3954 only
1638 3900 1711 3939 an
1750 3882 2085 3939 illustration
2122 3882 2170 3938 is
2212 3882 2468 3938 afforded
2506 3883 2583 3951 by
2621 3882 2719 3937 the

417 3972 616 4042 legacy
640 3971 705 4026 of
723 3988 759 4026 a
779 3989 869 4026 res
895 3981 1052 4025 extra
1085 3968 1503 4038 commercium,
1530 3967 1578 4022 is
1602 3968 1726 4022 that
1752 3969 1848 4022 the
1884 3975 1976 4021 act
2002 3965 2185 4023 which
2210 3967 2307 4021 the
2332 3965 2495 4021 heres
2529 3966 2634 4019 has
2659 3973 2719 4020 to

417 4052 668 4125 perform
701 4054 759 4108 in
796 4054 992 4109 favour
1028 4053 1093 4107 of
1120 4055 1219 4108 the
1252 4052 1474 4123 legatee
1509 4061 1660 4106 must
1693 4052 1767 4106 be
1798 4050 1937 4105 both
1971 4048 2283 4120 physically
2319 4048 2569 4118 possible
2605 4046 2722 4102 and

419 4140 624 4209 legally
659 4136 998 4208 permitted:
1043 4153 1108 4191 as
1143 4136 1217 4191 he
1254 4144 1462 4191 cannot
1499 4151 1717 4204 convey
1752 4144 1813 4189 to
1848 4134 1945 4189 the
1982 4134 2149 4189 latter
2182 4149 2218 4187 a
2248 4149 2339 4187 res
2375 4142 2533 4187 extra
2568 4148 2721 4187 com-

420 4221 709 4289 mercium,
735 4238 802 4276 so
825 4222 899 4275 he
924 4221 1102 4291 ought
1124 4230 1224 4275 not
1249 4230 1307 4274 to
1332 4220 1404 4275 be
1429 4218 1747 4288 compelled
1772 4227 1832 4272 to
1856 4234 1968 4288 pay
1993 4216 2111 4271 him
2138 4214 2209 4271 its
2234 4217 2413 4271 value.

495 4303 523 4376 §
551 4308 606 4360 6.
645 4305 771 4359 The
803 4302 1014 4359 maxim
1058 4304 1073 4331 ‘
1093 4303 1234 4358 duas
1273 4302 1573 4357 lucrativas
1617 4317 1819 4355 causas
1859 4300 1917 4355 in
1959 4300 2205 4356 eundem
2240 4298 2530 4353 hominem
2568 4307 2625 4354 et
2664 4297 2721 4352 in

421 4388 666 4445 eandem
701 4405 822 4443 rem
859 4404 1189 4443 concurrere
1225 4403 1340 4441 non
1377 4386 1578 4457 posse'
1614 4402 1749 4455 may
1784 4385 1857 4440 be
1900 4383 2196 4440 otherwise
2238 4382 2425 4437 stated
2463 4382 2631 4435 thus:
2684 4380 2733 4433 if

420 4474 519 4529 the
545 4488 635 4527 res
668 4472 858 4542 legata
891 4470 1122 4540 already
1144 4470 1382 4541 belongs
1419 4480 1479 4525 to
1511 4471 1609 4525 the
1646 4470 1866 4538 legatee
1892 4468 2052 4522 when
2090 4467 2187 4522 the
2224 4465 2347 4521 dies
2378 4464 2548 4533 legati
2574 4461 2724 4517 cedit

427 4556 581 4628 (Dig.
611 4570 698 4627 30.
724 4557 806 4612 82.
834 4554 958 4628 pn),
985 4554 1082 4610 the
1112 4555 1278 4610 latter
1309 4570 1416 4609 can
1449 4551 1615 4608 claim
1647 4551 1719 4609 its
1745 4552 1908 4609 value
1939 4551 2085 4607 from
2109 4551 2205 4606 the
2238 4546 2362 4605 heir
2386 4547 2519 4617 only
2543 4544 2593 4600 if
2609 4544 2725 4600 and
