3230 5116
410 426 515 473 ra.
536 418 637 485 η]
670 418 986 489 QUIBUS
1024 419 1327 475 Moocss
1365 420 1511 475 ms
1550 386 1937 476 pon-sm
1951 422 2088 477 TIS
2125 422 2282 479 soz:
2294 423 2557 480 VJTUR.
2597 431 2718 501 135

410 593 659 649 statum
706 584 1047 668 recipiunt.
1138 582 1447 666 Relegati
1490 594 1714 649 autem
1771 594 1990 667 patres
2039 586 2106 649 in
2158 586 2438 652 insulam
2487 588 2552 651 in
2598 609 2716 673 po-
2743 593 2778 648 2

410 698 658 752 testate
701 710 821 753 sua
868 688 1113 753 liberos
1156 688 1477 753 retinent:
1527 698 1597 755 et
1645 709 1684 753 e
1726 690 2055 754 contrario
2099 689 2286 754 liberi
2331 691 2601 775 relegati
2649 694 2715 757 in

410 802 745 875 potestate
790 802 1141 875 parentum
1188 800 1551 857 remanent.
1659 792 1921 858 Poenae
1965 814 2188 858 servus
2233 794 2504 860 effectus
2545 796 2722 861 filios
2744 801 2777 854 3

413 899 477 959 in
526 905 865 980 potestate
909 895 1154 960 habere
1205 896 1465 960 desinit.
1572 898 1740 961 servi
1781 906 2006 961 autem
2047 919 2302 981 poenae
2332 900 2715 979 efficiuntur,

412 1001 525 1083 qui
556 1001 621 1064 in
654 1000 1000 1066 metallum
1031 1002 1431 1067 damnantur
1460 1010 1531 1064 et
1569 1001 1684 1083 qui
1725 1000 1954 1065 bestiis
1995 1003 2423 1067 subiciuntur.
2513 1004 2722 1069 Filius
2741 1014 2780 1067 4

410 1104 697 1169 familias
740 1105 795 1168 si
845 1104 1241 1179 militaverit,
1272 1105 1381 1169 vel
1426 1104 1481 1169 si
1525 1114 1795 1169 senator
1831 1106 1937 1169 vel
1979 1108 2205 1171 consul
2250 1107 2444 1173 suerit
2487 1108 2719 1189 sactus,

413 1223 641 1277 manet
670 1212 735 1276 in
765 1213 973 1296 patris
1001 1222 1355 1296 potestate.
1426 1211 1662 1276 militia
1690 1214 1867 1277 enim
1899 1214 2003 1277 vel
2033 1213 2400 1278 consularia
2428 1215 2719 1297 dignitas

410 1316 619 1397 patris
677 1325 1014 1399 potestate
1073 1315 1278 1379 filium
1342 1336 1475 1379 non
1536 1316 1792 1381 liberat.
1903 1317 2023 1381 sed
2090 1337 2178 1381 ex
2251 1318 2720 1383 constitutione

412 1428 643 1483 nostra
681 1439 941 1484 summa
978 1420 1360 1503 patriciatus
1398 1419 1688 1502 dignitas
1733 1419 1883 1485 ilico
1922 1420 2010 1483 ab
2051 1420 2497 1504 imperialibus
2534 1422 2716 1487 codi-

412 1520 580 1586 cillis
616 1523 946 1605 praestitis
980 1544 1021 1587 a
1060 1522 1275 1607 patria
1310 1532 1649 1606 potestate
1687 1523 1940 1587 liberat.
2031 1524 2178 1606 quis
2221 1525 2397 1589 enim
2428 1525 2718 1609 patiatur

410 1634 671 1707 patrem
700 1626 975 1708 quidem
1019 1647 1215 1710 posse
1257 1646 1376 1710 per
1413 1626 1956 1709 emancipationis
1995 1628 2266 1692 modum
2303 1648 2461 1692 suae
2495 1639 2717 1713 potes-

410 1730 571 1792 tatis
600 1730 883 1794 nexibus
911 1729 1115 1793 filium
1143 1731 1460 1809 relaxare,
1484 1730 1974 1814 imperatoriam
2005 1740 2229 1795 autem
2259 1732 2715 1798 celsitudinem

410 1852 546 1896 non
589 1832 810 1897 valere
854 1854 1007 1897 eum
1055 1854 1253 1917 quern
1306 1835 1430 1898 sibi
1482 1846 1744 1918 patrem
1789 1833 1990 1917 elegit
2033 1834 2120 1899 ab
2163 1834 2379 1899 aliena
2422 1838 2718 1901 eximere

410 1935 789 2018 potestate?
870 1936 946 2002 Si
1005 1938 1093 2001 ab
1167 1937 1469 2002 hostibus
1542 1947 1776 2021 captus
1837 1937 2032 2002 fuerit
2096 1958 2350 2020 parens»,
2413 1940 2716 2021 quamvis
2743 1944 2778 1998 5

410 2059 637 2105 servus
678 2040 969 2105 hostium
1015 2041 1149 2120 fiat,
1185 2051 1411 2107 tamen
1452 2043 1704 2125 pendet
1755 2041 1858 2106 ius
1903 2041 2260 2105 liberorum
2303 2052 2574 2126 propter
2617 2045 2716 2108 ius

406 2144 830 2227 postliminii:
892 2148 1049 2229 quia
1105 2146 1197 2223 hi,
1250 2149 1362 2230 qui
1415 2147 1503 2211 ab
1562 2146 1866 2211 hostibus
1917 2145 2095 2229 capti
2147 2156 2321 2221 sunt,
2367 2147 2420 2209 si
2474 2149 2713 2212 reversi

412 2362 745 2417 anomalous
806 2380 987 2432 cases,
1038 2364 1313 2430 however,
1362 2364 1461 2418 the
1510 2373 1672 2433 pater
1721 2380 1836 2418 was
1887 2360 2158 2432 deprived
2212 2362 2280 2416 of
2321 2360 2411 2417 his
2460 2372 2714 2433 potestas

412 2464 477 2502 as
513 2464 550 2501 a
584 2446 968 2516 punishment,
995 2446 1228 2503 without
1265 2448 1367 2504 the
1402 2447 1557 2503 child
1594 2446 1768 2517 being
1803 2446 1991 2518 capite
2015 2444 2302 2507 minutus:
2341 2464 2392 2503 e.
2407 2464 2462 2517 g.
2499 2447 2587 2507 for
2621 2465 2714 2505 ex-

412 2528 617 2602 posing
657 2529 749 2585 his
792 2529 1064 2600 children,
1111 2530 1253 2587 Cod.
1284 2532 1335 2587 8.
1374 2543 1456 2601 52.
1490 2546 1542 2600 2,
1581 2531 1670 2586 sor
1713 2529 2056 2602 compelling
2098 2530 2256 2586 them
2305 2540 2365 2586 to
2414 2531 2713 2602 prostitute

411 2615 771 2682 themselveS,
812 2614 951 2669 Cod.
986 2629 1063 2670 11.
1090 2629 1176 2681 402
1203 2614 1256 2684 6,
1291 2615 1405 2670 and
1443 2613 1531 2669 for
1566 2613 1924 2685 contracting
1947 2631 2020 2669 an
2047 2613 2374 2670 incestuous
2410 2615 2712 2686 marriage,

414 2701 563 2756 Nov.
596 2713 673 2756 12.
704 2713 756 2755 2.

481 2783 599 2850 §2-
638 2781 975 2851 Relegation
1016 2799 1133 2838 was
1174 2781 1541 2840 banishment
1590 2782 1940 2840 unattended
1985 2781 2120 2840 with
2163 2800 2276 2852 any
2318 2783 2436 2838 loss
2480 2782 2546 2836 of
2581 2782 2710 2838 civil

412 2867 619 2937 rights:
648 2866 663 2894 ‘
678 2864 915 2936 relegati
940 2865 999 2921 in
1025 2865 1269 2924 insulam
1296 2865 1353 2920 in
1378 2876 1664 2936 potestate
1688 2883 1822 2922 suos
1847 2865 2056 2922 liberos
2081 2865 2342 2934 retinent,
2363 2865 2498 2936 quia
2522 2875 2578 2922 et
2597 2866 2712 2923 alia

411 2951 605 3010 omnia
638 2950 764 3006 iura
799 2966 908 3006 sua
938 2950 1220 3009 retinent:
1262 2959 1485 3006 tantum
1521 2949 1677 3004 enim
1713 2949 1898 3004 insula
1933 2949 2016 3004 eis
2053 2948 2246 3020 egredi
2283 2966 2400 3004 non
2437 2947 2568 3004 licet
2597 2968 2610 3004 :
2653 2959 2714 3006 et

410 3037 564 3092 bona
598 3051 827 3106 quoque
862 3051 970 3091 sua
1002 3033 1197 3093 omnia
1227 3032 1471 3090 retinent
1502 3043 1728 3103 praeter
1762 3050 1851 3100 ea,
1876 3032 1924 3088 si
1962 3049 2108 3103 quae
2142 3033 2224 3088 eis
2250 3032 2522 3102 adempta
2545 3042 2677 3086 sunt
2696 3034 2710 3062 ³

416 3119 544 3190 Dig.
572 3120 660 3186 48.
688 3133 773 3180 22.
802 3131 849 3185 7.
878 3132 997 3184 2-4.
1055 3118 1134 3172 So
1157 3127 1255 3172 too
1282 3117 1435 3173 Ovid
1460 3134 1593 3186 says
1621 3116 1813 3187 (Trist.
1837 3131 1890 3183 4.
1917 3131 1965 3185 9.
1996 3115 2080 3185 11)
2109 3115 2123 3143 ‘
2143 3115 2384 3172 Omnia.
2415 3155 2429 3170 .
2455 3153 2472 3170 .
2499 3116 2714 3172 Caesar

410 3203 547 3260 mihi
574 3203 698 3260 iura
721 3201 965 3272 reliquit,
992 3203 1067 3258 Et
1095 3201 1221 3258 sola
1244 3211 1333 3258 est
1359 3201 1545 3272 patria
1570 3217 1759 3271 poena
1784 3215 1977 3256 carere
2003 3200 2170 3256 mea.²

485 3289 599 3356 §3.
638 3287 753 3340 For
789 3285 887 3342 the
912 3301 1131 3355 poenae
1169 3301 1365 3340 servus
1402 3301 1501 3341 see
1538 3301 1613 3340 on
1648 3283 1757 3339 Tit.
1788 3297 1840 3351 3.
1864 3297 1901 3349 4
1927 3299 2076 3352 supr.
2155 3283 2298 3336 Loss
2335 3281 2401 3336 of
2429 3280 2634 3350 liberty
2657 3281 2724 3336 of

413 3387 613 3428 course
644 3367 897 3426 entailed
931 3368 1048 3424 loss
1086 3366 1150 3422 of
1178 3366 1526 3438 citizenship,
1552 3367 1806 3424 whether
1831 3366 1928 3422 the
1967 3373 2181 3424 master
2205 3381 2353 3421 were
2378 3363 2393 3393 ‘
2411 3365 2627 3435 poena'
2651 3381 2717 3420 or

412 3469 531 3524 any.
550 3470 661 3510 one
684 3453 821 3520 else,
846 3451 957 3508 Tit.
994 3451 1071 3509 16.
1104 3467 1127 3508 1
1158 3451 1259 3508 inf.

484 3539 517 3606 ξ
539 3540 601 3594 4.
638 3537 829 3594 There
864 3534 981 3594 had
1016 3535 1226 3603 always
1265 3534 1411 3590 been
1448 3533 1666 3590 certain
1703 3532 1988 3604 dignities,
2020 3532 2099 3601 by
2139 3532 2236 3587 the
2271 3530 2615 3588 attainment
2657 3532 2724 3588 of

414 3621 597 3680 which
646 3637 687 3678 a
731 3618 888 3680 child
936 3617 995 3676 in
1037 3635 1229 3688 power
1270 3635 1385 3672 was
1431 3617 1690 3674 released
1739 3617 2046 3672 therefrom
2085 3615 2318 3672 without
2361 3615 2717 3686 undergoing

412 3703 615 3775 capitis
636 3702 951 3761 deminutio
975 3721 989 3757 t
1024 3703 1157 3758 thus
1182 3719 1219 3758 a
1242 3717 1347 3758 son
1368 3701 1497 3760 who
1520 3701 1759 3758 became
1783 3701 1993 3757 flamen
2016 3697 2218 3768 Dialis,
2235 3699 2352 3756 and
2375 3715 2412 3753 a
2436 3699 2717 3769 daughter

412 3789 541 3846 who
577 3787 817 3846 became
856 3785 1017 3855 virgo
1059 3783 1307 3844 Vestalis
1353 3783 1557 3854 (Gaius
1594 3783 1670 3840 iii.
1706 3797 1820 3852 114,
1857 3783 1895 3836 i.
1934 3781 2054 3850 130)
2097 3799 2241 3840 were
2274 3782 2534 3838 released
2569 3781 2714 3838 from

412 3888 619 3942 power,
644 3870 861 3939 though
887 3867 1001 3924 still
1025 3866 1343 3938 remaining
1365 3868 1654 3924 members
1681 3867 1748 3922 of
1765 3865 1912 3922 their
1937 3865 2032 3920 old
2059 3865 2286 3935 agnatic
2308 3865 2521 3936 family.
2589 3866 2716 3920 The

414 3953 717 4014 Patriciate
742 3954 808 4008 of
825 3953 925 4010 the
948 3952 1092 4010 later
1116 3951 1351 4022 Empire
1383 3967 1571 4008 seems
1608 3961 1671 4006 to
1707 3951 1854 4007 have
1880 3949 2197 4019 originated
2223 3949 2282 4004 in
2308 3951 2407 4004 the
2433 3948 2531 4004 old
2553 3963 2714 4018 prac-

411 4037 525 4096 tice
560 4038 625 4095 οἱ
654 4037 865 4106 calling
887 4053 1125 4107 persons
1162 4035 1229 4092 of
1257 4035 1557 4092 advauced
1581 4051 1689 4104 age
1715 4043 1876 4104 pater
1901 4051 1964 4088 as
1991 4050 2028 4088 a
2052 4033 2422 4103 compliment
2449 4049 2515 4087 or
2539 4031 2714 4088 token

411 4121 481 4178 σί
508 4131 749 4191 respect,
788 4122 1035 4189 Horace,
1069 4122 1177 4192 Ep.
1205 4119 1242 4176 i.
1266 4120 1321 4177 6.
1349 4131 1541 4189 54-55,
1580 4117 1761 4187 Νέρων
1785 4159 1799 4174 .
1829 4159 1842 4174 .
1871 4159 1884 4173 .
1908 4117 2110 4186 πατέρα
2144 4117 2299 4172 αὐτὸν
2334 4115 2414 4169 ἀεὶ
2450 4115 2716 4185 ὀνομάζων

414 4204 532 4261 Dio
554 4206 715 4260 CasS.
730 4205 818 4273 63.
836 4217 915 4272 17,
943 4202 1046 4259 ‘ad
1068 4203 1381 4274 Ulpianum
1407 4203 1758 4275 praefectum
1784 4199 2068 4271 praetorio
2095 4209 2154 4256 et
2174 4209 2470 4270 parentem
2491 4215 2684 4254 meum
2700 4200 2714 4228 ³

413 4289 737 4346 Alexander
773 4288 831 4344 in
872 4288 1010 4345 Cod.
1038 4304 1091 4356 4.
1115 4289 1203 4358 65.
1229 4302 1280 4355 4.
1356 4287 1595 4343 Besides
1628 4287 1727 4342 the
1767 4285 2087 4353 Patriciate,
2123 4282 2407 4355 justinian
2446 4282 2716 4338 attached

410 4372 527 4432 this
551 4373 719 4428 effect
743 4373 867 4430 also
891 4383 951 4428 to
974 4371 1257 4429 elevation
1281 4381 1343 4426 to
1367 4370 1581 4440 sundry
1594 4370 1760 4426 other
1785 4369 1922 4440 high
1945 4367 2231 4438 dignitieS,
2256 4365 2562 4437 especially
2589 4365 2716 4420 that

410 4457 480 4513 of
495 4457 695 4512 consul
720 4456 836 4512 and
858 4456 1084 4527 bishop,
1112 4457 1263 4510 Nov.
1288 4455 1374 4510 81.
1400 4471 1484 4526 pr.
1511 4468 1562 4522 3.

482 4543 539 4598 ὅ.
580 4533 708 4596 The
743 4539 831 4596 ius
866 4538 1199 4610 postliminii
1223 4555 1339 4596 was
1362 4555 1441 4594 an
1464 4536 1784 4594 institution
1809 4536 1888 4610 by
1911 4533 2094 4591 which
2120 4533 2302 4604 rights
2326 4528 2508 4586 which
2535 4528 2718 4586 under
