3230 5116
571 428 695 496 134
966 417 1117 472 INS
1120 416 1267 471 TIT
1269 415 1381 472 UT
1373 414 1667 471 IONUM
1703 413 1944 469 LIBRI
1979 411 2454 484 QUATTUOR.
2677 415 2805 480 [Lib.
2833 420 2873 469 1.

568 583 1060 647 distinctionem
1091 579 1337 665 recipit.
1428 600 1581 644 nam
1629 589 1890 644 mortuo
1929 588 2118 663 patre
2147 599 2308 682 sane
2337 578 2723 676 omnimodo
2753 577 2868 641 filii

569 687 825 751 filiaeve
865 687 963 750 sui
1004 685 1159 750 iuris
1196 685 1579 750 efficiuntur.
1657 693 1916 748 mortuo
1954 702 2110 747 vero
2152 703 2276 747 avo
2320 703 2451 748 non
2483 681 2870 746 omnimodo

570 800 844 874 nepotes
884 801 1249 872 neptesque
1288 789 1388 852 sui
1434 789 1590 852 iuris
1636 787 1819 866 fiunt,
1859 789 1975 853 sed
2019 787 2132 864 ita,
2164 787 2220 850 si
2255 795 2409 870 post
2451 797 2734 851 mortem
2765 786 2868 851 avi

568 897 636 959 in
668 903 1072 978 potestatem
1104 894 1311 977 patris
1342 892 1438 958 sui
1480 893 1759 956 recasuri
1791 911 1923 955 non
1954 901 2141 956 sunt:
2187 890 2412 974 itaque
2451 891 2505 954 si
2548 892 2872 982 moriente

567 1018 693 1062 avo
738 1008 929 1082 pater
974 1017 1198 1060 eorum
1244 1005 1314 1060 et
1356 996 1518 1059 vivit
1564 1004 1633 1058 et
1677 996 1742 1058 in
1788 1002 2119 1078 potestate
2162 995 2367 1078 patris
2411 993 2510 1057 sui
2555 1003 2674 1071 est,
2713 1003 2871 1059 tunc

566 1111 721 1186 post
764 1103 1020 1166 obitum
1065 1102 1169 1164 avi
1208 1099 1272 1162 in
1313 1100 1518 1183 patris
1564 1101 1662 1163 sui
1707 1107 2042 1183 potestate
2086 1098 2291 1163 fiunt:
2337 1097 2390 1162 si
2437 1117 2592 1161 vero
2635 1099 2708 1177 is,
2737 1119 2870 1181 quo

568 1216 870 1289 tempore
912 1225 1074 1268 avus
1121 1204 1409 1283 moritur,
1437 1213 1552 1266 aut
1598 1203 1728 1267 iam
1777 1214 2072 1268 mortuus
2115 1211 2215 1266 est
2259 1213 2375 1266 aut
2421 1201 2586 1266 exiit
2626 1203 2712 1266 de
2751 1221 2870 1286 po-

569 1317 819 1374 testate
869 1307 1091 1391 patris,
1145 1317 1302 1371 tunc
1349 1306 1439 1382 hi,
1487 1305 1644 1388 quia
1697 1307 1762 1369 in
1810 1314 2212 1389 potestatem
2262 1305 2401 1369 eius
2453 1305 2689 1370 cadere
2736 1326 2872 1370 non

522 1427 551 1482 1
572 1421 865 1496 possunt,
894 1411 992 1475 sui
1028 1411 1185 1474 iuris
1214 1410 1399 1476 fiunt.
1490 1409 1660 1473 Cum
1702 1419 1925 1474 autem
1971 1411 2042 1487 is,
2073 1411 2185 1492 qui
2225 1411 2313 1473 ob
2355 1409 2622 1492 aliquod
2669 1409 2874 1474 male·-

570 1515 793 1580 ficium
841 1515 909 1578 in
958 1512 1237 1578 insulam
1284 1515 1688 1597 deportatur,
1739 1514 2073 1578 civitatem
2126 1513 2390 1592 amittit,
2441 1514 2736 1595 sequitur
2779 1523 2870 1593 ut,

571 1620 726 1703 quia
758 1641 837 1683 eo
868 1619 1070 1683 modo
1101 1639 1189 1681 ex
1222 1637 1495 1682 numero
1532 1619 1771 1682 civium
1811 1617 2265 1681 Romanorum
2298 1616 2565 1693 tollitur,
2598 1616 2872 1701 perinde

572 1723 705 1787 acsi
760 1731 1020 1786 mortuo
1065 1743 1145 1786 eo
1191 1723 1495 1786 desinant
1545 1720 1733 1785 liberi
1787 1721 1853 1783 in
1906 1728 2238 1804 potestate
2286 1722 2424 1784 eius
2471 1741 2634 1785 esse.
2729 1721 2870 1805 pari

574 1828 829 1891 ratione
873 1835 941 1888 et
986 1825 1039 1888 si
1084 1825 1158 1904 is,
1193 1825 1305 1907 qui
1351 1826 1419 1888 in
1463 1833 1800 1908 potestate
1841 1825 2132 1908 parentis
2176 1826 2278 1902 sit,
2325 1825 2390 1887 in
2431 1825 2712 1888 insulam
2753 1827 2870 1889 de-

570 1940 872 2015 portatus
916 1929 1125 2004 suerit,
1168 1929 1411 1992 desinit
1456 1930 1522 1992 in
1558 1937 1895 2011 potestate
1933 1928 2226 2011 parentis
2268 1949 2428 1992 esse.
2518 1929 2636 1992 sed
2682 1930 2736 1993 si
2782 1949 2870 1993 ex

572 2034 981 2117 indulgentia
1033 2031 1374 2116 principali
1426 2032 1709 2097 restituti
1763 2031 2020 2111 suerint,
2072 2051 2190 2115 per
2249 2033 2472 2096 omnia
2523 2033 2870 2115 pristinum

574 2268 708 2322 iuris
733 2286 808 2322 on
834 2270 931 2324 the
948 2268 1358 2338 grandfather-’s
1384 2267 1575 2334 death,
1594 2265 1644 2321 if
1661 2265 1809 2323 their
1831 2283 1958 2321 own
1977 2267 2158 2322 father
2177 2266 2224 2322 is
2245 2266 2302 2321 in
2322 2269 2420 2323 the
2439 2285 2598 2323 same
2616 2278 2872 2339 potestas

574 2351 707 2404 with
733 2353 907 2419 them,
934 2361 1085 2406 must
1122 2351 1195 2404 be
1234 2349 1501 2420 qualified
1536 2350 1613 2419 by
1639 2351 1788 2404 what
1812 2350 1918 2404 has
1945 2350 2090 2405 been
2129 2350 2254 2406 said
2280 2351 2462 2406 above
2486 2369 2560 2406 on
2589 2351 2700 2408 Tit.
2733 2367 2810 2408 11.
2838 2353 2876 2407 8

573 2433 629 2488 in
657 2433 982 2503 remarking
1006 2450 1159 2505 upon
1188 2434 1317 2504 Dig.
1353 2448 1395 2487 1.
1424 2447 1473 2500 7.
1500 2448 1585 2500 41.

643 2517 673 2585 §
700 2519 748 2572 1.
793 2519 861 2572 In
890 2517 985 2573 the
1012 2517 1149 2573 time
1183 2516 1248 2571 of
1279 2514 1457 2572 Gaius
1488 2515 1542 2585 (i.
1579 2516 1699 2584 128)
1726 2516 2170 2573 condemnation
2197 2527 2256 2572 to
2283 2519 2396 2573 loss
2423 2518 2490 2572 of
2511 2515 2710 2573 civitas
2735 2519 2874 2574 took

571 2600 669 2657 the
710 2602 857 2655 form
895 2601 961 2655 of
996 2617 1179 2671 aquae
1219 2612 1275 2656 et
1320 2600 1465 2669 ignis
1504 2599 1846 2670 interdictio,
1881 2601 2064 2656 which
2102 2600 2402 2671 originally
2438 2618 2554 2657 was
2589 2603 2801 2670 merely
2837 2619 2878 2657 a

572 2685 793 2740 solemn
824 2684 1219 2739 confirmation
1258 2684 1325 2738 of
1351 2684 1650 2753 voluntary
1675 2683 1818 2739 exile
1841 2684 1922 2754 by
1945 2684 2128 2739 which
2168 2702 2242 2740 an
2279 2686 2525 2741 accused
2550 2684 2690 2740 civis
2713 2684 2872 2740 with·

573 2768 725 2823 drew
744 2768 982 2823 himself
994 2768 1139 2822 from
1165 2785 1202 2823 a
1226 2766 1483 2822 criminal
1508 2767 1887 2838 prosecution‚
1908 2768 2024 2823 and
2049 2769 2184 2839 only
2202 2769 2606 2840 subsequently
2626 2786 2788 2824 came
2813 2780 2876 2825 to

570 2852 644 2906 be
670 2852 828 2920 used,
848 2862 1009 2921 apart
1034 2851 1179 2906 from
1204 2852 1344 2920 that,
1370 2866 1433 2904 as
1458 2868 1495 2905 a
1519 2850 1665 2905 form
1693 2851 1759 2905 os
1774 2851 2140 2923 punishment
2163 2872 2178 2919 ς
2215 2870 2312 2908 see
2342 2852 2482 2923 Livy
2501 2865 2588 2922 25.
2608 2866 2642 2918 4
2665 2872 2680 2918 ;
2717 2852 2804 2907 26.
2820 2867 2872 2922 3,

575 2934 691 2990 Cic.
719 2952 822 3006 pro
851 2936 1015 2990 Caec.
1046 2949 1127 3003 33.
1158 2948 1243 3003 34.
1316 2933 1479 2991 After
1513 2933 1692 2989 Gaius
1730 2934 1773 2990 it
1809 2935 2047 2991 became
2074 2952 2234 2991 more
2257 2937 2418 2991 usual
2453 2946 2513 2991 to
2543 2934 2722 2991 inflict
2755 2936 2872 2990 loss

571 3019 639 3073 of
666 3016 865 3073 civitas
890 3019 965 3087 by
991 3017 1310 3089 deportatio
1345 3016 1401 3071 in
1439 3015 1702 3089 insulam,
1729 3035 1765 3074 a
1789 3029 2060 3075 sentence
2099 3020 2163 3074 of
2190 3020 2556 3075 banishment
2581 3019 2669 3073 for
2692 3018 2788 3074 life
2813 3030 2874 3074 to

570 3100 753 3157 either
788 3118 862 3157 an
900 3102 1085 3158 island
1110 3118 1175 3156 or
1200 3119 1359 3157 some
1383 3101 1649 3156 confined
1681 3119 1854 3174 space
1891 3120 1965 3158 on
2002 3104 2100 3159 the
2137 3102 2446 3172 mainland‚
2476 3102 2610 3173 Dig.
2639 3116 2722 3171 32.
2757 3119 2798 3158 1.
2821 3118 2870 3172 3.

575 3184 951 3256 Deportation
991 3186 1054 3240 os
1083 3184 1265 3240 either
1298 3184 1451 3239 child
1495 3202 1559 3238 or
1604 3185 1790 3241 father
1825 3197 1924 3257 put
1961 3203 2034 3240 an
2075 3187 2189 3242 end
2225 3197 2286 3241 to
2322 3196 2593 3257 potestas,
2627 3186 2874 3242 because

572 3268 705 3337 (Tit.
734 3283 785 3339 9.
812 3284 845 3323 2
871 3269 1045 3338 supr.)
1088 3269 1103 3297 ‘
1121 3268 1206 3322 ius
1245 3267 1546 3338 potestatis
1590 3268 1880 3339 proprium
1924 3279 2011 3324 est
2055 3269 2264 3323 civium
2304 3271 2693 3323 Romanorum
2719 3270 2756 3323 :’
2794 3268 2872 3335 by

570 3352 757 3421 losing
794 3350 885 3405 his
926 3350 1124 3405 civitas
1166 3352 1262 3406 the
1306 3350 1460 3405 child
1496 3352 1607 3405 lost
1643 3351 1733 3406 his
1771 3351 2032 3421 capacity
2070 3352 2137 3406 of
2171 3352 2345 3421 being
2381 3351 2438 3405 in
2475 3360 2746 3421 potestas,
2774 3352 2874 3405 the

571 3434 756 3488 father
780 3434 905 3488 that
931 3433 997 3487 of
1013 3432 1329 3501 exercising
1352 3432 1411 3487 it.
1490 3434 1557 3486 ln
1582 3449 1716 3487 case
1741 3434 1807 3488 os
1825 3434 2158 3488 restoration
2185 3434 2264 3503 by
2287 3432 2543 3504 imperial
2567 3432 2780 3502 favour,
2807 3450 2874 3487 as

572 3514 903 3577 mentioned
934 3516 991 3570 in
1025 3516 1123 3570 the
1154 3524 1287 3583 text,
1320 3515 1365 3569 it
1402 3531 1589 3569 seems
1625 3515 1748 3571 that
1779 3526 1838 3571 at
1878 3516 1996 3571 first
2033 3517 2166 3585 only
2203 3516 2342 3571 such
2378 3516 2559 3585 rights
2601 3532 2748 3571 were
2783 3532 2876 3571 re·

572 3598 813 3653 covered
862 3616 927 3653 as
964 3614 1109 3653 were
1158 3600 1445 3668 expressly
1490 3598 1762 3669 specified
1801 3598 2082 3669 (Vitellius
2122 3599 2195 3653 ab
2245 3598 2414 3654 exilio
2459 3597 2703 3653 reversis
2753 3599 2874 3655 iura

572 3682 900 3737 libertorum
925 3681 1224 3750 concessit,
1252 3682 1385 3736 Tac.
1418 3680 1568 3735 Hist.
1598 3697 1647 3737 2.
1674 3681 1785 3751 92),
1811 3682 1926 3737 and
1951 3682 2064 3737 this
2092 3700 2206 3736 was
2242 3692 2367 3738 true
2391 3682 2447 3737 in
2475 3680 2781 3752 particular
2815 3683 2884 3737 of

572 3762 756 3832 patria
814 3772 1105 3833 potestas:
1169 3760 1184 3790 ‘
1202 3762 1260 3817 in
1310 3762 1553 3819 insulam
1598 3764 1715 3819 filio
1757 3764 2072 3835 deportato,
2117 3767 2336 3837 hacque
2381 3765 2614 3822 ratione·
2647 3765 2874 3821 vinculo

572 3857 843 3917 paternae
879 3845 1179 3917 potestatis
1216 3857 1497 3918 exempto,
1526 3846 1572 3902 si
1600 3857 1804 3919 postea
1839 3866 1908 3903 ex
1945 3848 2297 3919 indulgentia
2319 3848 2434 3905 divi
2460 3849 2785 3918 Alexandri,
2811 3860 2874 3905 ut

572 3928 861 4001 proponis,
884 3928 1100 3985 reditus
1138 3929 1195 3984 in
1232 3930 1477 4001 patrium
1504 3932 1690 3986 solum
1713 3932 2176 4003 praecedensque
2213 3932 2461 4002 dignitas
2497 3932 2757 3989 restituta
2781 3932 2872 4002 sit,

572 4022 827 4083 potestas
863 4024 1055 4068 tamen
1092 4012 1276 4084 patria
1311 4014 1552 4084 repetita
1587 4032 1703 4070 non
1741 4015 1994 4071 videtur’
2031 4015 2285 4071 Gordian
2323 4016 2379 4071 in
2418 4017 2556 4072 Cod.
2605 4032 2653 4087 9.
2693 4030 2773 4087 51.
2799 4016 2874 4083 6;

572 4098 675 4153 but
699 4096 811 4152 this
836 4107 989 4151 must
1015 4097 1291 4167 probably
1315 4098 1389 4153 be
1413 4099 1585 4154 taken
1625 4109 1684 4154 to
1721 4100 1867 4155 have
1902 4099 2048 4154 been
2074 4098 2367 4155 overruled
2392 4100 2470 4169 by
2497 4100 2874 4155 Constantine

573 4180 631 4235 in
666 4180 805 4235 Cod.
840 4180 949 4235 loc.
982 4180 1078 4235 cit.
1110 4196 1189 4250 13,
1228 4182 1317 4237 ‘in
1358 4182 1692 4253 quaestione
1715 4182 2058 4251 testamenti,
2085 4183 2238 4254 quod
2279 4182 2560 4253 deportati
2602 4182 2748 4238 filius
2787 4200 2874 4238 re-

573 4273 802 4318 meante
825 4274 987 4335 patre
1013 4264 1257 4334 fecisset,
1284 4266 1517 4323 remotis
1545 4266 1779 4338 Ulpiani
1806 4278 1978 4338 atque
2006 4266 2163 4321 Pauli
2185 4266 2334 4321 notis
2362 4265 2660 4338 Papiniani
2685 4266 2874 4335 placet

574 4347 763 4401 valere
798 4345 1156 4417 sententiam,
1182 4359 1244 4404 ut
1280 4349 1337 4405 in
1375 4348 1553 4420 patris
1590 4348 1737 4405 filius
1775 4350 1848 4405 sit
1877 4360 2179 4421 potestate,
2205 4348 2294 4404 cui
2327 4348 2577 4421 dignitas
2614 4366 2684 4405 ac
2719 4350 2875 4405 bona

576 4429 835 4485 restituta
876 4432 1043 4486 sunt)
1134 4433 1185 4487 1t
1225 4433 1335 4489 will
1372 4434 1445 4489 be
1488 4433 1769 4489 observed
1811 4435 1935 4489 that
1975 4434 2112 4489 here
2151 4433 2248 4489 the
2280 4432 2644 4489 termination
2684 4432 2751 4487 of
2775 4433 2876 4488 the

576 4512 761 4583 patria
786 4524 1041 4585 potestas
1066 4532 1181 4571 was
1219 4516 1631 4589 accompanied
1663 4516 1740 4589 by
1765 4518 1966 4589 capitis
2001 4516 2332 4575 deminutio.
2409 4520 2476 4573 ln
2513 4534 2624 4573 one
2660 4532 2726 4571 or
2760 4527 2873 4572 two
