3230 5116
630 428 760 500 592
1035 422 1186 478 JNS
1193 375 1743 477 TITUTIONUM
1776 418 2016 475 LIBRI
2052 416 2529 491 QUATTUOR.
2726 418 2985 485 [mn.

631 587 698 651 in
754 586 902 652 loco
947 606 1134 651 sacro
1185 584 1536 665 aedificari,
1595 584 1703 649 vel
1756 584 1823 647 in
1872 582 2143 648 flumine
2194 582 2460 665 publico
2520 581 2775 665 ripave
2830 581 2983 645 eius

631 691 880 774 aliquid
934 689 1091 766 fieri,
1141 710 1275 771 quo
1323 690 1510 772 peius
1562 690 1924 771 navigetur.
2028 686 2431 751 restitutoria
2480 696 2664 765 sunt,
2716 686 2981 768 quibus

633 794 886 858 restitui
937 793 1186 876 aliquid
1247 792 1446 870 iubet,
1506 792 1713 855 veluti
1772 812 1923 856 cum
1979 791 2305 855 bonorum
2364 790 2753 873 possessori
2818 810 2979 871 pos-

634 897 996 961 sessionem
1045 917 1291 973 eorum‚
1337 916 1510 979 quae
1555 897 1705 979 quis
1757 916 1879 978 pro
1929 894 2173 958 herede
2222 903 2338 958 aut
2384 914 2511 977 pro
2566 913 2977 976 posse-sore

633 1001 930 1083 possidet
961 1020 1050 1063 ex
1083 1021 1160 1063 ea
1191 999 1580 1077 hereditate,
1611 1008 1727 1063 aut
1764 1019 1915 1063 cum
1946 998 2130 1062 iubet
2161 998 2241 1076 ei,
2271 998 2385 1080 qui
2414 998 2481 1061 vi
2524 997 2973 1079 possessione

635 1104 821 1168 fundi
874 1105 1168 1167 deiectus
1221 1104 1327 1177 sit,
1381 1104 1639 1166 restitui
1692 1102 2196 1185 possessionem.
2299 1101 2719 1164 exhibitoria
2792 1110 2971 1174 sunt,

636 1228 755 1291 per
792 1228 964 1290 quae
1002 1206 1183 1270 iubet
1226 1206 1542 1285 exhiberi,
1571 1207 1778 1271 veluti
1810 1226 1980 1279 eum,
2014 1206 2197 1269 cuius
2236 1207 2323 1268 de
2363 1204 2690 1268 libertate
2719 1205 2969 1286 agitur,

637 1321 753 1375 aut
795 1310 1124 1387 libertum,
1161 1310 1265 1373 cui
1311 1318 1627 1393 patronus
1672 1330 1909 1392 operas
1954 1309 2238 1373 indicere
2288 1306 2468 1383 velit,
2516 1320 2645 1373 aut
2702 1308 2971 1391 parenti

635 1414 897 1489 liberos
935 1414 1050 1497 qui
1096 1413 1163 1475 in
1207 1423 1543 1495 potestate
1587 1414 1729 1477 eius
1781 1422 1954 1478 sunt.
2060 1420 2212 1476 sunt
2258 1422 2489 1476 tamen
2544 1413 2670 1494 qui
2722 1422 2971 1495 putant

636 1518 898 1599 proprie
943 1518 1292 1583 interdicta
1336 1538 1416 1581 ea
1457 1519 1693 1593 vocari,
1740 1538 1913 1600 quae
1957 1515 2389 1599 prohibitoria
2431 1526 2609 1590 sunt,
2657 1517 2833 1598 quia
2878 1516 2973 1578 in-

639 1620 958 1684 terdicere
1003 1630 1106 1684 est
1155 1620 1545 1684 denuntiare
1587 1630 1656 1685 et
1702 1620 2085 1703 prohibere:
2139 1620 2549 1684 restitutoria
2600 1629 2853 1684 autem
2906 1629 2969 1683 et

639 1722 1038 1787 exhibitoria
1068 1724 1330 1807 proprie
1359 1724 1628 1789 decreta
1656 1724 1913 1789 vocari:
1960 1722 2078 1787 sed
2115 1733 2343 1788 tamen
2385 1723 2697 1804 optinuit
2738 1722 2971 1787 omnia

639 1962 1000 2033 restitutoria,
1026 1962 1142 2019 and
1165 1962 1517 2033 exhibitoria,
1540 1962 1715 2032 being
1750 1962 1931 2017 based
1964 1979 2117 2032 upon
2148 1963 2247 2017 the
2280 1972 2445 2017 tenor
2466 1962 2537 2015 of
2552 1962 2659 2016 the
2688 1964 2969 2032 praetor’s

642 2047 824 2116 order,
861 2046 978 2101 and
1025 2046 1257 2102 derived
1303 2045 1449 2100 from
1494 2046 1673 2100 Gaius
1719 2046 1813 2115 (iv.
1863 2061 1978 2114 140,
2024 2043 2163 2113 142),
2196 2044 2245 2099 is
2284 2045 2344 2100 in
2385 2045 2683 2115 Justinian
2730 2064 2769 2101 a
2812 2062 2971 2101 mere

641 2130 1077 2185 anachronism:
1123 2128 1414 2184 interdicts
1451 2128 1566 2184 aim
1603 2139 1662 2183 at
1699 2129 2047 2199 prevention‚
2072 2128 2410 2197 restitution,
2436 2129 2555 2183 and
2592 2130 2968 2199 production¹

642 2231 718 2268 no
755 2231 930 2282 more,
956 2212 1071 2267 and
1107 2230 1184 2267 no
1219 2214 1350 2283 leSS,
1374 2214 1514 2268 than
1545 2212 1812 2282 ordinary
1834 2212 2072 2268 actions,
2150 2213 2216 2266 In
2247 2210 2377 2282 Dig.
2403 2227 2490 2281 43.
2526 2228 2571 2267 1.
2607 2226 2653 2266 1.
2692 2228 2713 2267 1
2748 2212 2967 2283 Ulpian

642 2297 788 2351 adds
812 2314 848 2351 a
872 2298 1059 2351 fourth
1085 2294 1671 2368 species—interdicts
1690 2294 1873 2351 which
1898 2313 1996 2351 are
2021 2293 2318 2351 mixed—i.
2332 2312 2382 2351 e.
2410 2294 2551 2350 both
2578 2295 2968 2365 prohibitoria

640 2380 758 2435 and
783 2379 1133 2435 exhibitoria.

716 2462 842 2516 The
868 2461 1129 2517 interdict
1154 2461 1480 2533 forbidding
1503 2462 1712 2519 violent
1738 2474 1930 2520 ouster
1954 2462 2019 2519 of
2036 2480 2110 2518 an
2136 2462 2403 2518 innocent
2428 2479 2741 2533 possessor
2764 2464 2815 2518 is
2842 2464 2963 2519 that

641 2546 848 2601 known
874 2563 938 2600 as
963 2545 1042 2602 uti
1070 2545 1392 2616 possidetiS,
1419 2548 1448 2615 §
1477 2564 1512 2615 4
1537 2546 1636 2604 inf.
1709 2547 1859 2604 'rhat
1883 2546 1958 2603 de
1982 2557 2207 2604 mortuo
2232 2546 2529 2602 inferendo
2566 2546 2617 2602 is
2643 2547 2881 2602 treated
2904 2545 2961 2600 in

644 2629 820 2685 detail
856 2629 914 2684 in
955 2629 1086 2700 Dig.
1133 2645 1213 2685 11.
1251 2631 1321 2699 83
1371 2631 1444 2685 its
1479 2631 1721 2686 formula
1757 2647 1860 2686 ran
1899 2631 2043 2702 ‘quo
2080 2648 2263 2702 quave
2300 2629 2377 2684 illi
2416 2640 2709 2685 mortuum
2750 2631 2961 2685 inferre

645 2713 822 2768 invito
857 2723 916 2768 te
952 2713 1039 2768 ius
1076 2724 1179 2783 est,
1207 2714 1509 2786 quominus
1547 2713 1626 2769 illi
1662 2732 1732 2771 eo
1768 2732 1908 2770 eave
1945 2725 2230 2770 mortuum
2267 2714 2471 2769 inferre
2506 2723 2563 2768 et
2590 2713 2670 2768 ibi
2712 2713 2959 2784 sepelire

645 2797 813 2853 liceat
839 2797 954 2853 vim
992 2797 1110 2852 fieri
1141 2808 1270 2853 veto
1293 2799 1338 2864 3’
1373 2799 1496 2853 that
1523 2798 1587 2852 of
1617 2799 1716 2853 the
1754 2797 1905 2853 third
1941 2797 2295 2869 prohibitory
2319 2796 2585 2853 interdict
2620 2797 2959 2852 mentioned

645 2881 705 2936 in
731 2883 828 2936 the
853 2892 969 2936 text
995 2881 1086 2935 ‘in
1111 2882 1237 2936 loco
1263 2898 1426 2935 sacro
1452 2882 1637 2937 facere
1668 2881 1797 2937 inve
1833 2899 1965 2937 eum
1998 2881 2304 2937 immittere
2338 2881 2475 2952 quid
2500 2883 2667 2935 veto’
2706 2881 2842 2951 Dig.
2871 2895 2955 2949 43.

643 2965 718 3034 63
754 2966 877 3021 that
903 2964 968 3019 of
995 2967 1091 3020 the
1128 2966 1314 3020 fourth
1355 2965 1369 2992 ‘
1391 2982 1462 3020 ne
1499 2964 1636 3035 quid
1674 2963 1731 3019 in
1768 2965 2001 3020 flumine
2035 2964 2263 3035 publico
2287 2964 2482 3034 ripave
2506 2963 2632 3019 eius
2658 2963 2957 3034 immittas,

646 3065 759 3118 quo
785 3047 954 3103 statio
981 3047 1157 3103 iterve
1180 3046 1410 3117 navigio
1435 3046 1681 3103 deterior
1708 3047 1778 3102 sit
1807 3047 1903 3103 fiat
1920 3049 1934 3076 ³
1961 3047 2093 3118 Dig.
2121 3063 2205 3117 43.
2240 3058 2318 3102 12.

719 3129 1150 3185 Restitutorium
1187 3147 1250 3184 as
1285 3129 1513 3200 applied
1547 3139 1606 3184 to
1640 3129 1933 3186 interdicts
1972 3131 2077 3184 has
2111 3131 2209 3185 the
2235 3147 2394 3186 same
2418 3128 2565 3184 wide
2589 3129 2869 3200 meaning
2888 3147 2955 3186 as

645 3211 940 3268 restituere
966 3212 1023 3266 in
1049 3213 1278 3282 general
1306 3233 1321 3278 ;
1357 3212 1400 3266 it
1426 3212 1684 3281 denoteS,
1711 3212 1939 3267 besides
1964 3214 2062 3268 the
2086 3212 2405 3268 restitution
2430 3212 2496 3266 os
2512 3214 2863 3283 possession,
2888 3231 2955 3268 as

648 3297 707 3351 in
733 3296 883 3352 unde
902 3295 975 3363 vi,
995 3297 1078 3363 §6
1103 3295 1218 3365 inf„
1240 3295 1319 3366 (1)
1342 3295 1590 3365 delivery
1607 3296 1674 3350 of
1690 3295 2018 3366 possession
2036 3297 2223 3352 where
2247 3313 2397 3351 none
2421 3297 2526 3350 has
2554 3297 2842 3366 preceded
2862 3299 2951 3368 (as

649 3379 705 3434 in
726 3396 963 3451 quorum
981 3380 1277 3450 bonorum,
1298 3379 1327 3447 §
1347 3393 1380 3447 3
1397 3377 1519 3449 inf.)
1546 3397 1560 3446 3
1600 3368 1686 3449 <2)'
1707 3379 1803 3435 the
1829 3380 2080 3434 removal
2099 3379 2166 3434 of
2182 3397 2219 3434 a
2236 3379 2509 3435 nuisance
2526 3396 2595 3434 or
2612 3379 2945 3436 demolition

648 3461 713 3516 os
730 3478 803 3516 an
829 3463 1092 3517 unlawful
1119 3471 1412 3531 structure,
1443 3461 1572 3531 Dig.
1599 3476 1689 3529 43.
1716 3461 1763 3516 8.
1793 3477 1842 3516 2.
1871 3473 1937 3531 35
1965 3463 2081 3518 and
2104 3474 2195 3531 43.

721 3546 834 3599 For
869 3545 967 3599 the
1003 3543 1272 3614 meaning
1295 3544 1362 3599 of
1389 3543 1787 3600 exhibitorium
1822 3545 1936 3600 and
1971 3545 2237 3600 exhibere
2262 3562 2358 3600 see
2383 3562 2458 3599 on
2485 3545 2598 3601 Tit.
2622 3545 2676 3600 6.
2708 3560 2771 3614 31
2801 3562 2949 3615 supr.

647 3626 997 3696 Theophilus
1023 3625 1324 3682 illustrates
1351 3629 1448 3682 the
1478 3627 1743 3683 interdict
1777 3627 1855 3697 by
1880 3627 2061 3682 which
2097 3629 2195 3684 the
2229 3638 2456 3699 praetor
2482 3627 2677 3683 ‘iubet
2702 3629 2949 3685 exhiberi

647 3726 778 3764 eum
817 3709 974 3765 cuius
1008 3709 1082 3764 de
1114 3710 1374 3766 libertate
1411 3711 1596 3780 agitur
1617 3713 1630 3738 ’
1668 3711 1745 3780 by
1782 3710 1983 3781 saying
2021 3710 2365 3780 ἀποκρύπτεις
2399 3713 2491 3765 τὸν
2530 3711 2657 3779 ἐμὸν
2698 3712 2946 3783 ἀδελφόν,

645 3789 816 3862 λὸγων
853 3791 1010 3846 αὐτὸν
1043 3788 1170 3847 εἶναι
1207 3794 1398 3848 δοῦλον
1439 3797 1555 3863 σόν,
1595 3794 1725 3862 ἐμοῦ
1766 3795 2089 3865 βουλομένου
2126 3795 2244 3864 περὶ
2290 3797 2381 3863 τῆς
2427 3795 2587 3849 αὐτοῦ
2634 3795 2947 3850 δικάσασθαι

646 3873 974 3945 ἐλευθερίαν
1026 3873 1069 3930 it
1112 3891 1227 3930 was
1276 3877 1408 3932 thus
1458 3893 1494 3931 a
1541 3877 1803 3933 different
1851 3877 2085 3948 remedy
2126 3878 2272 3934 from
2317 3879 2415 3932 the
2464 3877 2829 3933 interdictum
2872 3878 2947 3934 de

649 3956 878 4012 homine
914 3956 1091 4012 libero
1128 3958 1466 4026 exhibendO,
1493 3959 1676 4016 which
1713 3962 1808 4030 lay
1832 3962 1966 4030 only
1990 3961 2076 4015 for
2100 3961 2199 4016 the
2223 3960 2560 4032 production
2586 3961 2653 4015 os
2680 3978 2721 4015 a
2744 3977 2945 4031 person

648 4043 840 4097 whose
865 4041 981 4096 free
1007 4049 1188 4095 status
1213 4059 1328 4096 was
1353 4052 1453 4097 not
1479 4043 1854 4113 questioned:
1892 4042 1907 4070 ⁶
1924 4044 2094 4114 plane
2131 4042 2177 4098 si
2216 4043 2455 4112 dubitat,
2480 4053 2669 4097 utrum
2702 4043 2843 4099 liber
2870 4061 2945 4100 an

649 4141 844 4180 servus
881 4123 969 4194 sit,
1007 4125 1096 4179 vel
1133 4123 1268 4179 facit
1306 4134 1487 4180 status
1524 4125 1987 4196 controversiam,
2012 4127 2393 4182 recedendum
2418 4125 2523 4181 erit
2550 4126 2625 4180 ab
2649 4127 2759 4180 hoc
2782 4127 2947 4184 intet-

650 4208 803 4264 dicto
839 4216 895 4263 et
933 4206 1160 4276 agenda
1191 4223 1366 4262 causa
1397 4208 1673 4263 libertatis
1697 4229 1713 4276 3
1749 4208 1961 4265 etenim
1997 4219 2153 4264 recte
2189 4209 2401 4279 placuit
2424 4219 2561 4264 tunc
2584 4208 2816 4264 demum
2838 4211 2947 4266 hoc

651 4289 1012 4346 interdictum
1050 4291 1236 4344 locum
1275 4290 1502 4360 habere,
1529 4290 1793 4363 quotiens
1830 4291 1956 4362 quis
1989 4307 2093 4362 pro
2118 4303 2273 4347 certo
2297 4291 2441 4346 liber
2463 4300 2549 4347 est
2576 4309 2588 4346 :
2627 4303 2873 4348 ceterum
2894 4293 2941 4348 si

651 4385 953 4444 quaeratur
971 4373 1044 4428 de
1065 4381 1232 4442 statu,
1251 4389 1367 4427 non
1387 4384 1609 4444 oportet
1636 4374 2045 4446 praeiudicium
2072 4374 2189 4430 fieri
2216 4374 2436 4430 alienae
2452 4373 2759 4445 cognitioni
2774 4376 2789 4404 ²
2812 4375 2941 4447 Dig.

651 4471 738 4524 43.
769 4471 852 4526 ²9·
879 4471 926 4525 3.
956 4469 1009 4523 7.
2938 4501 2951 4512 .

661 4612 670 4626 ς
726 4542 840 4596 For
875 4541 971 4596 the
1007 4538 1344 4611 production
1372 4539 1439 4595 os
1465 4556 1503 4608 ja
1537 4539 1773 4597 libertus
1800 4541 1815 4568 ‘
1830 4540 1921 4597 cui
1959 4551 2232 4614 patronus
2268 4558 2472 4614 operas
2510 4540 2757 4597 indicere
2784 4540 2939 4608 velit’
