3230 5116
515 404 642 474 302
917 391 1621 450 INSTJTUTJONUM
1654 389 1913 448 LIBRI·
1931 388 2407 461 QUATTUOR.
2608 390 2737 456 [Lib.
2756 396 2822 444 11.

455 572 490 624 4
516 560 875 644 aliquando
933 559 1198 624 heredis
1257 557 1617 640 aliquando
1676 555 1976 640 legatarii
2028 554 2176 620 loco
2226 554 2621 620 habebatur:
2728 555 2824 619 Et

516 667 582 729 in
626 665 914 728 Neronis
953 663 1224 746 quidem
1268 661 1683 744 temporibus
1720 659 2055 724 Trebellio
2093 659 2401 724 Maximo
2437 667 2507 723 et
2534 657 2823 724 Annaeo

519 768 774 834 Seneca
805 767 1184 832 consulibus
1228 764 1918 831 senatusconsultum
1948 763 2199 828 factum
2230 773 2357 840 est,
2386 783 2521 845 quo
2551 773 2821 829 cautum

515 884 634 952 est,
666 882 758 952 ut,
787 873 843 935 si
873 871 1206 936 hereditas
1236 892 1324 935 ex
1355 868 1848 936 fideicommissi
1890 889 2089 932 causa
2120 868 2423 932 restituta
2453 868 2558 943 sit,
2590 888 2825 942 omnes

514 979 824 1056 actiones,
859 995 1034 1058 quae
1077 976 1217 1041 iure
1261 974 1434 1040 civili
1484 974 1713 1040 heredi
1760 983 1831 1038 et
1873 973 1943 1038 in
1984 971 2299 1038 heredem
2345 981 2823 1055 competerent,

409 1131 414 1137 .
515 1082 575 1144 ei
625 1091 693 1145 et
740 1081 806 1145 in
859 1101 1010 1144 eum
1063 1083 1396 1155 darentur,
1443 1075 1548 1144 cui
1602 1099 1692 1142 ex
1740 1077 2252 1142 fideicommisso
2298 1077 2603 1141 restituta
2646 1085 2823 1141 esset

515 1186 868 1250 hereditas.
973 1194 1126 1268 post
1174 1185 1354 1267 quod
1407 1193 1679 1247 senatus
1727 1181 2101 1246 consultum
2154 1189 2420 1264 praetor
2470 1181 2665 1244 utiles
2715 1201 2823 1244 ac-

517 1291 731 1355 tiones
763 1291 822 1354 ei
854 1300 922 1353 et
954 1289 1019 1352 in
1052 1308 1203 1353 eum
1249 1287 1363 1371 qui
1399 1288 1647 1370 recepit
1687 1286 2127 1350 hereditatem
2169 1287 2356 1368 quasi
2400 1283 2627 1350 heredi
2658 1292 2726 1348 et
2756 1285 2823 1346 iu

457 1402 493 1456 5
519 1393 829 1458 heredem
864 1395 1038 1480 ‘dare
1098 1392 1337 1480 coepit.
1417 1390 1586 1456 'Sed
1654 1389 1828 1473 quia'
1869 1389 2148 1453 heredes
2205 1389 2449 1471 scripti,
2503 1409 2655 1453 cum
2706 1399 2823 1454 aut

519 1507 732 1562 totam
792 1496 1233 1560 hereditatem
1292 1503 1410 1559 aut
1467 1515 1682 1577 paene
1738 1501 1953 1560 totam
2032 1485 2423 1574 plerumque
2481 1493 2823 1556 restituere

519 1602 937 1684 rogabantur,
966 1600 1149 1663 adire
1177 1598 1619 1666 hereditatem
1649 1599 1737 1662 ob
1767 1597 2024 1669 nullum
2054 1596 2157 1660 vel
2193 1596 2538 1672 minimum
2568 1594 2823 1659 lucrum

519 1705 911 1770 recusabant
958 1714 1162 1787 atque
1190 1703 1278 1767 ob
1309 1703 1377 1766 id
1409 1701 1970 1785 extinguebantur
1997 1699 2547 1765 fideicommissa:
2592 1709 2823 1782 postea

517 1808 910 1892 Vespasiani
941 1806 1235 1890 Augusti
1278 1807 1691 1889 temporibus
1723 1805 1977 1887 Pegaso
2022 1813 2091 1868 et
2124 1804 2405 1868 Pusione
2448 1804 2825 1868 consulibus

521 1919 790 1976 senatus
842 1911 1116 1998 censuit.
1171 1919 1245 1974 ut
1298 1911 1377 1986 ei,
1429 1909 1542 1993 qui
1593 1917 1863 1993 rogatus
1912 1917 2087 1972 esset
2138 1907 2575 1971 hereditatem
2636 1908 2823 1972 resti-

519 2025 722 2091 tuere,
759 1997 1064 2097 -perinde'
1105 2014 1334 2082 liceret
1384 1997 1694 2097 quartam
1753 2021 2013 2096 partem
2074 2012 2371 2086 retinere,
2426 2023 2631 2094 atque
2676 2011 2825 2094 lege

521 2119 815 2184 Falcidia
863 2141 950 2184 ex
997 2118 1234 2201 legatis
1279 2119 1560 2183 retinere
1609 2117 2013 2184 conceditur.
2102 2137 2193 2180 ex
2240 2116 2514 2200 singulis
2559 2135 2824 2199 quoque

518 2225 728 2301 rebus,
759 2244 933 2307 quae
973 2237 1092 2307 per
1126 2222 1707 2288 fideicommissum
1751 2221 2219 2303 relinquuntur,
2262 2222 2498 2285 eadem
2545 2221 2825 2286 retentio

519 2327 840 2409 permissa
869 2337 990 2391 est.
1080 2336 1231 2409 post
1276 2326 1455 2408 quod
1499 2335 1768 2389 senatus
1815 2323 2195 2388 consultum
2230 2324 2371 2406 ipse
2399 2323 2592 2389 heres
2624 2345 2825 2389 onera

519 2429 913 2494 hereditaria
985 2430 1392 2494 sustinebat:
1476 2429 1586 2493 ille
1660 2436 1906 2507 autem,
1964 2429 2079 2510 qui
2154 2449 2242 2492 ex
2317 2427 2826 2494 fideicommisso

520 2534 767 2616 recepit
811 2543 1068 2615 partem
1114 2533 1517 2612 hereditatis,
1554 2530 1853 2615 legatarii
1902 2530 2193 2616 partiarii
2235 2531 2382 2597 loco
2429 2542 2585 2609 erat,
2618 2533 2685 2598 id
2724 2542 2827 2601 est

519 2636 660 2700 eius
691 2636 1007 2721 legatarii,
1033 2638 1136 2701 cui
1167 2657 1317 2720 pars
1346 2639 1673 2701 bonorum
1698 2636 2063 2719 legabatur.
2138 2657 2312 2719 quae
2340 2638 2592 2721 species
2622 2636 2824 2720 legati

521 2741 789 2823 partitio
845 2741 1224 2820 vocabatur,
1272 2742 1430 2825 quia
1486 2760 1642 2806 cum
1701 2740 1947 2805 herede
2002 2741 2361 2837 legatarius
2419 2743 2828 2824 partiebatur

519 2844 976 2911 hereditatem.
1067 2846 1242 2909 unde
1276 2866 1448 2929 quae
1483 2845 1789 2910 solebant
1820 2845 2283 2929 stipulationes
2314 2846 2485 2909 inter
2511 2846 2823 2935 heredem

523 2958 592 3013 et
645 2938 1030 3032 partiarium
1081 2951 1475 3034 legatarium
1527 2949 1878 3033 interponi,
1916 2952 2191 3015 eaedem
2243 2951 2829 3032 interponebantur

521 3054 692 3116 inter
764 3073 935 3128 eum,
995 3054 1108 3137 qui
1183 3074 1272 3119 ex
1337 3053 1853 3118 fideicommisso
1914 3054 2162 3136 recepit
2236 3054 2694 3130 hereditatem,
2758 3066 2827 3123 et

521 3156 854 3235 heredem,
901 3158 968 3222 id
1021 3167 1121 3223 est
1174 3167 1246 3222 ut
1294 3166 1365 3222 et
1406 3151 1661 3241 lucrum
1712 3167 1781 3222 et
1827 3158 2147 3221 damnum
2190 3156 2663 3222 hereditarium
2708 3178 2827 3241 pro

463 3274 499 3328 6
526 3270 668 3325 rata
697 3273 885 3345 parte
929 3262 1100 3326 inter
1135 3283 1247 3327 eos
1284 3282 1638 3327 commune
1684 3264 1787 3346 sit.
1877 3261 2060 3345 Ergo
2106 3261 2161 3325 si
2205 3262 2473 3347 quidem
2516 3282 2647 3327 non
2679 3263 2828 3344 plus

521 3385 724 3448 quam
760 3366 1156 3431 dodrantem
1191 3366 1582 3431 hereditatis
1626 3366 1907 3449 scriptus
1951 3364 2142 3431 heres
2184 3376 2456 3451 rogatus
2500 3366 2587 3430 sit
2632 3366 2821 3429 resti-

520 3477 724 3541 tuere,
784 3479 942 3533 tunc
1001 3490 1090 3534 ex
1149 3470 1601 3535 Trebelliano·
1648 3478 1918 3534 senatus
1994 3469 2296 3535 consulto
2356 3470 2823 3535 restituebatur

521 3572 856 3636 hereditas
901 3584 968 3636 et
1013 3574 1079 3637 in
1111 3584 1467 3656 utrumque
1507 3568 1801 3637 actiones
1836 3572 2273 3638 hereditariae
2304 3595 2423 3657 pro
2460 3584 2604 3639 rata
2640 3586 2827 3657 parte

525 3676 890 3742 dabantur:
958 3678 1024 3742 in
1071 3668 1384 3742 heredem
1432 3678 1703 3761 quidem
1754 3678 1891 3759 iure
1950 3672 2136 3759 civili,
2186 3676 2263 3741 in'
2315 3699 2466 3741 eum
2512 3700 2668 3743 vero
2715 3680 2828 3762 qui

526 3781 883 3861 recipiebat
925 3779 1366 3844 hereditatem
1413 3801 1502 3843 ex
1545 3788 1815 3844 senatus
1855 3782 2156 3871 consulto
2194 3780 2614 3845 Trebelliano
2655 3789 2826 3845 tam-

523 3906 725 3968 quam
778 3886 844 3949 in
890 3885 1222 3949 heredem.
1329 3894 1402 3949 at
1461 3885 1516 3947 si
1563 3885 1715 3967 plus
1762 3906 1966 3969 quam
2015 3887 2407 3951 dodrantem
2458 3887 2565 3951 vel
2625 3890 2827 3952 etiam

525 3998 738 4052 totam
769 3989 1208 4053 hereditatem
1243 3989 1586 4053 restituere
1618 4000 1889 4071 rogatus
1934 3991 2035 4066 sit,
2068 3990 2255 4054 locus
2291 4000 2430 4054 erat
2463 3989 2831 4073 Pegasiano

525 4103 794 4157 senatus
839 4093 1159 4171 consult0,
1216 4102 1283 4157 et
1331 4089 1538 4172 hereS,
1573 4094 1688 4176 qui
1736 4093 1944 4158 semel
1992 4092 2226 4158 adierit
2273 4094 2731 4174 hereditatem,
2776 4096 2831 4160 si

526 4197 731 4260 modo
777 4216 898 4260 sua
947 4196 1293 4263 voluntate
1345 4197 1598 4273 adierit,
1642 4198 1781 4263 sive
1834 4197 2172 4262 retinuerit
2224 4208 2527 4281 quartam
2574 4208 2831 4282 partem

601 4434 663 4506 ξξ
691 4439 826 4491 4-6.
865 4437 989 4491 The
1017 4436 1126 4491 SC.
1154 4435 1590 4505 Trebellianum,
1618 4448 1747 4491 A.D.
1774 4422 2001 4506 62,‘v(ras
2040 4436 2317 4507 designed
2354 4437 2411 4492 in
2435 4438 2603 4493 order
2627 4448 2687 4493 to
2718 4439 2830 4494 dis-

526 4536 703 4591 pense
727 4517 864 4575 with
885 4519 982 4575 the
1007 4520 1226 4590 clumsy
1241 4536 1473 4589 process
1499 4519 1565 4574 os
1582 4519 1849 4575 fictitious
1876 4520 1995 4577 sale
2018 4520 2137 4576 and
2160 4520 2258 4577 the
2285 4519 2643 4593 stipulations
2669 4521 2831 4595 quasi
