3230 5116
556 398 680 464 192
965 388 1670 445 INSTITUTIONUM
1705 388 1944 444 LIBRI
1981 387 2454 459 QUATTUOR.
2637 388 2767 455 [Lib.
2789 394 2854 447 11.

554 572 771 636 neque
828 552 1003 617 enim
1065 552 1411 618 inundatio
1470 553 1759 636 speciem
1820 552 2002 618 fundi
2061 561 2432 617 commutat
2491 560 2558 617 et
2616 552 2704 616 ob
2764 552 2852 627 id,

554 657 608 721 si
656 660 994 723 recesserit
1023 679 1215 741 aqua,
1245 657 1466 741 palam
1515 666 1618 721 est
1665 677 1814 721 eum
1861 656 2141 722 fundum
2182 657 2321 721 eius
2353 677 2639 736 manere,
2670 657 2854 721 cuius

554 769 623 824 et
652 760 797 826 fuit.

452 883 531 937 25
645 864 816 929 Cum
863 888 949 931 ex
996 867 1213 934 aliena
1257 865 1535 931 materia
1582 865 1837 947 species
1878 864 2103 947 aliqua
2142 864 2319 930 facta
2359 866 2443 930 sit
2485 865 2572 929 ab
2611 866 2855 948 alique,

556 972 782 1052 quaeri
828 972 1013 1049 solet,
1044 972 1193 1055 quis
1238 990 1467 1034 eorum
1516 968 1798 1034 naturali
1845 971 2098 1033 ratione
2143 970 2452 1034 dominus
2497 970 2600 1046 sit,
2633 980 2854 1035 utrum

556 1074 611 1137 is
656 1076 769 1157 qui
822 1075 1071 1152 fecerit,
1119 1096 1205 1139 an
1259 1074 1371 1139 ille
1430 1074 1656 1157 potius
1717 1073 1830 1156 qui
1885 1074 2201 1138 materiae
2261 1073 2566 1137 dominus
2623 1074 2853 1139 fuerit:

556 1187 631 1243 ut
684 1199 838 1243 ecce
889 1180 944 1242 si
988 1181 1137 1262 quis
1190 1200 1280 1243 ex
1330 1178 1562 1242 alienis
1618 1178 1761 1243 uvis
1806 1188 1924 1241 aut
1982 1177 2170 1242 olivis
2217 1187 2335 1242 aut
2382 1178 2579 1261 spicis
2630 1180 2854 1242 vinum

555 1290 673 1346 aut
701 1282 922 1347 oleum
964 1294 1081 1348 aut
1125 1283 1531 1347 frumentum
1578 1281 1822 1359 fecerit,
1853 1290 1970 1346 aut
2017 1304 2104 1347 ex
2147 1282 2362 1346 alieno
2398 1303 2559 1346 auro
2602 1282 2708 1346 vel
2753 1302 2858 1346 ar·

554 1395 758 1468 gento
786 1385 893 1449 vel
923 1407 1075 1451 aere
1103 1407 1222 1450 vas
1266 1384 1537 1469 aliquod
1569 1385 1813 1462 fecerit,
1848 1385 1955 1449 vel
1993 1407 2081 1449 ex
2125 1388 2344 1450 alieno
2371 1387 2526 1450 vino
2561 1394 2628 1449 et
2660 1386 2857 1449 melle

555 1488 845 1553 mulsum
892 1492 1239 1566 miscuerit,
1288 1488 1393 1554 vel
1438 1511 1526 1553 ex
1578 1489 1810 1553 alienis
1869 1492 2372 1554 medicamentis
2423 1490 2856 1571 emplastrum

555 1602 673 1657 aut
722 1593 1066 1675 collyrium
1120 1596 1583 1678 composuerit,
1627 1592 1734 1657 vel
1785 1614 1873 1656 ex
1922 1593 2138 1657 aliena
2190 1593 2344 1657 lana
2385 1594 2854 1659 vestimentum

554 1695 799 1775 fecerit,
828 1696 933 1763 vel
974 1719 1063 1762 ex
1100 1697 1328 1762 alienis
1370 1697 1614 1761 tabulis
1658 1718 1896 1759 navem
1925 1697 2034 1761 vel
2073 1698 2430 1761 armarium
2462 1696 2566 1761 vel
2605 1696 2858 1763 subsel-

553 1800 717 1864 lium
752 1800 1181 1866 fabricaverit.
1244 1812 1311 1866 et
1341 1810 1495 1885 post
1527 1800 1771 1865 multas
1798 1800 2306 1867 Sabinianorum
2338 1810 2406 1865 et
2438 1801 2857 1866 Proculiano-

556 1926 700 1969 rum
725 1906 1195 1988 ambiguitates
1219 1906 1464 1989 placuit
1496 1905 1716 1969 media
1747 1906 2078 1970 sententia
2111 1906 2660 1981 existimantium,
2693 1906 2748 1969 si
2779 1925 2858 1969 ea

556 2011 811 2091 species
856 2012 941 2074 ad
987 2009 1334 2077 materiam
1382 2010 1608 2073 reduci
1640 2010 1869 2091 possit,
1898 2030 2050 2073 eum
2079 2009 2285 2073 videri
2318 2010 2662 2073 dominum
2697 2030 2856 2088 esse,

555 2115 671 2197 qui
703 2116 1019 2178 materiae
1054 2115 1362 2178 dominus
1393 2113 1628 2191 fuerat,
1666 2114 1722 2177 si
1764 2132 1898 2177 non
1933 2114 2149 2196 possit
2181 2114 2422 2189 reduci,
2455 2135 2605 2177 eum
2637 2114 2857 2197 potius

552 2217 848 2301 intellegi
894 2217 1237 2281 dominum
1283 2218 1397 2300 qui
1443 2218 1706 2281 fecerit:
1756 2227 1831 2281 ut
1878 2238 2032 2282 ecce
2061 2238 2181 2282 vas
2227 2216 2591 2281 conflatum
2637 2225 2858 2301 potest

552 2320 638 2383 ad
694 2323 926 2384 rudem
977 2342 1264 2387 massam
1318 2323 1486 2397 aeris
1533 2319 1640 2384 vel
1692 2322 1947 2403 argenti
1996 2320 2100 2385 vel
2150 2322 2290 2386 auri
2341 2322 2580 2400 reduci,
2629 2322 2858 2385 vinum

554 2430 779 2487 autem
826 2435 944 2489 aut
988 2424 1211 2488 oleum
1251 2435 1371 2489 aut
1401 2424 1806 2489 frumentum
1842 2426 1927 2489 ad
1967 2446 2129 2491 uvas
2175 2435 2244 2490 et
2287 2426 2494 2491 olivas
2536 2435 2604 2490 et
2643 2416 2866 2508 spicas'

556 2529 792 2592 reverti
825 2548 959 2592 non
990 2538 1212 2612 potest
1243 2549 1321 2594 ac
1365 2549 1448 2593 ne
1480 2528 1768 2593 mulsum
1802 2530 2071 2612 quidem
2113 2531 2199 2595 ad
2240 2532 2469 2595 vinum
2500 2538 2568 2594 et
2600 2530 2730 2596 mel
2762 2550 2859 2593 re-

554 2631 717 2697 solvi
763 2641 1005 2714 potest.
1068 2633 1303 2715 quodsi
1348 2634 1591 2716 partim
1625 2653 1714 2696 ex
1744 2654 1864 2697 sua
1904 2636 2194 2711 materia,
2227 2634 2470 2717 partim
2512 2656 2602 2698 ex
2645 2632 2860 2697 aliena

554 2737 839 2819 speciem
872 2737 1165 2819 aliquam
1197 2737 1425 2802 fecerit
1456 2737 1758 2820 quisque,
1792 2737 2003 2802 veluti
2047 2760 2134 2802 ex
2176 2759 2298 2802 suo
2336 2740 2492 2802 vino
2533 2747 2600 2802 et
2639 2737 2858 2802 alieno

554 2839 753 2904 melle
784 2840 1071 2904 mulsum
1103 2852 1220 2905 aut
1252 2862 1340 2904 ex
1372 2841 1509 2906 suis
1541 2850 1609 2905 et
1638 2841 1875 2906 alienis
1902 2843 2402 2914 medicamentis
2427 2841 2858 2924 emplastrum

552 2953 669 3009 aut
701 2945 1049 3028 collyrium
1089 2954 1207 3009 aut
1250 2967 1339 3009 ex
1385 2966 1505 3011 sua
1547 2954 1615 3009 et
1658 2945 1874 3010 aliena
1920 2945 2073 3011 lana
2108 2948 2579 3012 vestimentum
2612 2945 2858 3021 fecerit,

551 3049 995 3114 dubitandum
1028 3069 1160 3114 non
1193 3059 1295 3114 est
1325 3049 1453 3114 hoc
1484 3070 1639 3115 casu
1673 3071 1827 3114 eum
1867 3071 2012 3115 esse
2051 3049 2399 3114 dominum
2446 3049 2558 3132 qui
2588 3048 2815 3114 fecerit
2843 3074 2859 3114 τ

550 3174 702 3218 cum
752 3173 885 3217 non
931 3153 1148 3218 solum
1194 3174 1464 3236 operam
1512 3175 1703 3219 suam
1752 3154 1957 3233 dedit,
1988 3154 2101 3217 sed
2151 3163 2219 3217 et
2260 3163 2518 3237 partem
2563 3153 2858 3218 eiusdem

624 3356 653 3428 ξ
682 3360 780 3412 25.
822 3359 873 3410 It
901 3355 949 3411 is
972 3356 1135 3412 usual
1166 3367 1226 3412 to
1259 3367 1605 3426 enumerate,
1630 3374 1695 3411 as
1721 3373 1756 3411 a
1781 3356 1935 3412 third
1970 3358 2192 3413 natural
2217 3357 2388 3412 mode
2420 3355 2487 3411 os
2503 3355 2859 3428 acquisition,

552 3439 915 3511 specificatiO,
954 3440 1051 3494 the
1096 3439 1427 3508 converting
1461 3439 1528 3493 of
1568 3441 1850 3495 another's
1901 3441 2160 3496 material
2202 3441 2321 3497 into
2365 3458 2400 3495 a
2441 3457 2566 3495 new
2605 3439 2752 3494 form
2797 3456 2863 3493 or

552 3523 568 3552 ⁶
584 3522 837 3593 specie5,'
857 3539 920 3576 as
948 3521 1004 3575 in
1030 3524 1127 3577 the
1153 3521 1520 3577 illustrations
1544 3523 1712 3592 given
1739 3522 1796 3577 in
1832 3524 1928 3579 the
1951 3534 2087 3580 text.
2137 3526 2264 3580 The
2292 3523 2620 3580 Proculians
2645 3523 2862 3593 argued

551 3606 649 3661 the
677 3622 808 3660 case
831 3621 907 3659 on
933 3606 1030 3660 the
1054 3605 1299 3674 analogy
1323 3605 1385 3660 of
1406 3606 1722 3676 occupatio,
1748 3607 1863 3662 and
1888 3609 2168 3679 regarded
2193 3609 2289 3664 the
2323 3609 2480 3679 giver
2505 3607 2573 3662 of
2587 3609 2683 3663 the
2717 3607 2862 3661 form

552 3706 617 3744 as
655 3688 752 3744 the
777 3705 967 3743 owner
992 3689 1056 3742 os
1085 3689 1181 3743 the
1206 3690 1484 3760 product;
1522 3706 1557 3745 a
1580 3690 1724 3745 view
1754 3691 1938 3746 which
1976 3709 2163 3748 seems
2202 3703 2263 3747 to
2298 3693 2444 3748 have
2483 3690 2864 3747 commended

553 3772 713 3827 itself
728 3781 788 3826 to
817 3770 1030 3842 Ulpian
1057 3771 1097 3840 (‘
1112 3781 1333 3827 mutata
1356 3772 1540 3827 forma
1564 3791 1743 3845 prope
1769 3773 2039 3831 interimit
2075 3775 2454 3831 substantiam
2478 3773 2558 3830 rei
2575 3777 2590 3803 ’
2616 3774 2749 3845 Dig.
2781 3788 2860 3830 10.

552 3872 603 3924 4.
631 3871 678 3925 9.
709 3852 787 3923 3).
860 3856 985 3909 The
1013 3855 1316 3911 Sabinians
1342 3855 1560 3912 viewed
1594 3857 1636 3912 it
1662 3875 1725 3912 as
1751 3875 1787 3912 a
1810 3857 1952 3914 kind
1977 3859 2045 3914 of
2070 3859 2341 3928 accessio,
2368 3859 2483 3913 and
2509 3857 2718 3913 denied
2750 3874 2865 3926 any

551 3940 795 3995 transfer
819 3938 882 3993 of
900 3939 1237 4010 ownership,
1263 3939 1441 3995 Gaius
1467 3939 1522 3996 ii.
1543 3956 1631 4010 99.
1703 3943 1830 3996 The
1857 3940 2250 3997 intermediate
2277 3941 2527 4012 opinion,
2551 3941 2864 3996 confirmed

554 4022 631 4092 by
654 4021 953 4092 Justinian‚
982 4021 1029 4076 is
1054 4022 1231 4077 found
1257 4021 1312 4077 in
1343 4022 1521 4078 Gaius
1550 4023 1710 4093 (Dig.
1736 4039 1823 4090 41.
1850 4038 1892 4078 1.
1921 4023 2032 4095 77),
2061 4025 2269 4080 Paulus
2297 4023 2395 4094 (ib.
2424 4023 2535 4094 24),
2562 4025 2678 4079 and
2702 4025 2867 4080 other

547 4104 759 4176 juristS.
838 4105 905 4158 In
942 4105 1243 4175 Justinian,
1270 4109 1698 4177 consequently,
1723 4107 2112 4178 specification
2151 4125 2215 4164 as
2254 4125 2289 4162 a
2324 4108 2494 4162 mode
2533 4108 2597 4161 of
2623 4107 2864 4178 acquisi-

556 4188 673 4244 tion
702 4205 900 4243 occurs
927 4191 1060 4259 only
1084 4191 1247 4244 when
1274 4189 1289 4218 ‘
1306 4207 1377 4245 ea
1402 4189 1623 4260 speeies
1650 4191 1726 4245 ad
1751 4191 2048 4246 materiam
2073 4191 2268 4248 reduci
2295 4209 2409 4246 non
2436 4190 2650 4262 possit,'
2673 4191 2788 4246 and
2815 4189 2864 4246 is

556 4273 731 4342 really
755 4289 792 4326 a
816 4272 960 4326 form
998 4273 1065 4326 of
1091 4273 1407 4343 occupati0,
1442 4291 1507 4328 as
1546 4290 1788 4344 appears
1826 4274 1970 4328 from
2008 4275 2106 4329 the
2141 4275 2326 4329 words
2364 4274 2429 4329 of
2461 4274 2675 4344 Ulpian
2713 4272 2867 4328 cited

558 4357 757 4425 above,
783 4355 900 4409 and
931 4355 1028 4409 the
1054 4355 1379 4426 expression
1415 4356 1473 4410 in
1498 4357 1596 4411 the
1634 4355 1838 4426 Digest
1865 4355 1880 4385 ‘
1901 4357 2055 4427 quod
2091 4357 2303 4412 factum
2339 4367 2426 4413 est
2453 4367 2624 4412 antea
2657 4355 2864 4411 nullius

556 4439 773 4494 fuerat)
846 4437 930 4493 Of
960 4454 1159 4494 course
1196 4439 1293 4493 the
1326 4439 1484 4508 giver
1525 4440 1589 4494 of
1625 4440 1723 4495 the
1765 4440 1910 4495 form
1952 4441 2070 4495 had
2113 4440 2170 4495 in
2209 4442 2283 4496 all
2321 4458 2483 4496 cases
2521 4450 2580 4494 to
2617 4456 2730 4510 pay
2765 4439 2864 4497 the

556 4540 749 4578 owner
773 4523 839 4578 of
866 4523 963 4578 the
999 4523 1257 4578 material
1294 4522 1366 4578 its
1390 4524 1491 4578 full
1514 4523 1696 4595 value,
1723 4541 1797 4579 on
1824 4524 1921 4580 the
1957 4523 2232 4596 principle
2259 4523 2578 4580 ‘neminem
2616 4540 2746 4579 cum
2783 4523 2862 4578 al-
