3230 5116
286 444 388 493 Tit.
417 437 520 505 18.]
711 474 716 480 -
957 432 1078 490 DE
1118 432 1506 489 PUBLICIS
1548 431 1923 488 IUDICIIS.
2460 421 2589 505 605

288 599 658 665 necessaria
687 600 776 664 sit
817 598 1234 664 adiudicati0.
1311 618 1483 681 quae
1520 619 1681 663 sane
1712 618 1842 662 uno
1886 618 2038 662 casu
2072 596 2436 662 necessaria
2469 607 2585 672 est,

289 706 346 769 si
397 704 914 769 evidentioribus
943 704 1183 767 finibus
1213 704 1528 785 distingui
1571 722 1768 783 agros
1809 703 2223 765 commodius
2254 703 2356 780 sit,
2386 721 2590 783 quam

289 808 452 872 olim
481 808 755 872 fuissent
786 807 1116 872 distincti:
1165 827 1318 870 nam
1359 816 1512 871 tunc
1555 826 1824 869 necesse
1866 815 1966 869 est
2004 828 2091 869 ex
2134 805 2401 869 alterius
2431 825 2591 887 agro

291 922 550 994 partem
603 912 894 995 aliquam
941 912 1209 975 alterius
1256 911 1398 994 agri
1449 911 1721 974 domino
1768 910 2145 974 adiudicari.
2251 929 2383 992 quo
2437 929 2594 973 casu

292 1018 689 1080 conveniens
727 1026 842 1091 est,
889 1026 964 1080 ut
1004 1018 1059 1079 is
1098 1015 1287 1079 alteri
1335 1025 1516 1079 certa
1556 1015 1837 1097 pecunia
1874 1014 2116 1077 debeat
2146 1013 2592 1077 condemnari.

293 1141 374 1185 eo
415 1140 679 1203 quoque
721 1120 988 1184 nomine
1029 1119 1448 1184 damnandus
1497 1128 1600 1183 est
1642 1118 1917 1200 quisque
1958 1116 2082 1181 hoc
2124 1118 2384 1193 iudicio,
2415 1116 2595 1199 quod

291 1224 460 1289 forte
489 1226 662 1289 circa
704 1225 868 1288 fines
914 1224 1241 1287 malitiose
1286 1224 1538 1306 aliquid
1585 1223 1932 1301 commisit,
1973 1221 2155 1285 verbi
2192 1222 2405 1303 gratia
2442 1221 2597 1304 quia

293 1329 550 1412 lapides
598 1328 827 1393 finales
869 1328 1122 1392 furatus
1174 1337 1275 1392 est
1322 1337 1440 1395 aut
1492 1327 1757 1391 arbores
1811 1326 2041 1390 finales
2093 1326 2349 1390 cecidit.
2439 1344 2599 1388 con-

295 1434 622 1497 tumaciae
676 1454 943 1517 quoque
1001 1434 1272 1496 nomine
1329 1433 1606 1516 quisque
1668 1452 1747 1495 eo
1800 1431 2040 1495 iudicio
2100 1431 2597 1505 condemnatur,
2646 1437 2651 1441 ’

292 1535 497 1601 veluti
543 1538 598 1610 si
643 1538 789 1619 quis
836 1536 1106 1600 iubente
1152 1536 1366 1599 iudice
1425 1534 1641 1598 metiri
1688 1553 1882 1617 agros
1927 1553 2161 1615 passus
2208 1536 2340 1595 non
2384 1531 2597 1597 fuerit.

295 1639 498 1722 Quod
551 1648 772 1704 autem
827 1640 969 1703 istis
1016 1640 1273 1703 iudiciis
1327 1639 1522 1703 alicui
1581 1638 2034 1703 adiudicatum
2086 1637 2188 1713 sit,
2241 1636 2309 1700 id
2370 1636 2595 1702 statim
2625 1644 2658 1699 7

297 1744 437 1809 eius
467 1742 544 1810 fit
574 1744 675 1808 cui
699 1744 1152 1808 adiudicatum
1179 1751 1301 1809 est.

1315 1937 1520 2001 XVII
1530 1937 1580 2001 I.

1020 2116 1120 2166 DE
1169 2114 1500 2167 romaeis
1549 2114 1877 2167 IUDICHS.

388 2266 658 2332 Publica
705 2265 942 2332 iudicia
981 2288 1193 2349 neque
1239 2286 1358 2349 per
1403 2265 1696 2330 actiones
1739 2264 2126 2329 ordinantur
2166 2285 2284 2329 nec
2330 2263 2602 2329 omnino

299 2373 664 2455 quidquam
724 2371 936 2436 simile
994 2370 1246 2435 habent
1313 2372 1546 2436 ceteris
1620 2369 1893 2449 iudiciis,
1957 2370 2043 2434 de
2102 2371 2341 2453 quibus
2400 2358 2601 2434 locuti

299 2498 545 2556 sumuS,
601 2497 972 2560 magnaque
1020 2476 1363 2539 diversitas
1418 2484 1520 2539 est
1565 2494 1792 2539 eorum
1842 2485 1911 2539 et
1963 2474 2027 2537 in
2075 2474 2487 2538 instituendis
2534 2483 2602 2537 et

300 2583 366 2644 in
420 2583 823 2646 exercendis.
938 2580 1207 2644 Publica
1267 2589 1492 2645 autem
1553 2581 1731 2645 dicta
1790 2590 1961 2658 sunt,
2016 2580 2195 2662 quod
2257 2579 2459 2644 cuivis
2513 2599 2600 2642 ex
2632 2590 2658 2642 1

300 2818 568 2873 iudicium
609 2820 796 2873 locum
828 2819 1002 2874 habet
1039 2819 1097 2873 in
1135 2819 1380 2874 confinio
1421 2818 1781 2888 praediorum
1810 2817 2174 2873 rusticorum’
2203 2819 2336 2889 Dig.
2370 2834 2447 2873 10.
2482 2833 2525 2873 1.
2552 2833 2601 2884 4.

309 2917 387 2957 ιο.
475 2903 601 2957 The
643 2903 812 2957 wilful
863 2903 1111 2957 removal
1156 2902 1220 2956 of
1261 2901 1602 2956 boundaries
1642 2919 1757 2956 was
1798 2901 2079 2971 punished
2128 2912 2286 2957 extra
2328 2902 2603 2968 ordinem,

305 2987 458 3041 Paul.
485 2997 632 3040 sent.
657 3002 767 3040 rec,
801 3001 844 3040 1.
873 2986 968 3051 16;
1003 2984 1188 3056 ‘quod
1215 2985 1262 3039 si
1289 3001 1391 3055 per
1416 2984 1792 3054 ignorantiam
1819 2995 1915 3038 aut
1942 2983 2169 3040 fortuito
2194 2984 2413 3054 lapides
2438 2985 2603 3040 furati

304 3078 452 3138 sunt,
477 3065 682 3124 sufficit
721 3085 820 3124 eos
861 3068 1097 3140 (servos)
1138 3067 1464 3123 verberibus
1503 3067 1797 3123 decidere'
1835 3067 2141 3138 (Hadriani
2180 3068 2511 3138 rescriptum
2547 3069 2605 3122 in

309 3151 441 3221 Dig.
467 3164 554 3219 47.
584 3167 670 3206 21.
695 3152 769 3222 2).

378 3233 405 3306 ξ
434 3239 485 3291 ’1.
530 3237 732 3290 Hence
759 3233 1106 3290 adiudicatio
1131 3233 1179 3288 is
1205 3251 1241 3289 a
1266 3233 1394 3288 civil
1420 3234 1589 3290 mode
1615 3234 1682 3288 of
1698 3233 2051 3304 acquisition‚
2080 3251 2134 3304 p.
2162 3247 2263 3304 215
2294 3251 2443 3305 supr.
2473 3234 2605 3289 ‘ad-

307 3317 648 3374 iudicatione
685 3316 1000 3372 dominium
1043 3317 1424 3373 nanciscimur
1458 3335 1561 3388 per
1594 3318 1895 3372 formulam
1934 3317 2181 3374 familiae
2218 3319 2603 3387 erciscundae,

305 3400 589 3456 communi
617 3400 946 3470 dividundO,
974 3399 1167 3455 finium
1193 3399 1572 3470 regundorum
1589 3401 1602 3428 ’
1630 3400 1863 3470 Ulpian‚
1888 3418 2001 3471 reg.
2039 3415 2118 3470 19.
2152 3401 2234 3457 16.

374 3489 495 3540 Ἧι.
521 3487 771 3539 XVIII.
823 3486 936 3539 For
984 3485 1080 3540 the
1128 3484 1357 3554 general
1406 3483 1625 3553 history
1666 3484 1730 3538 of
1773 3485 1997 3538 Roman
2048 3483 2303 3539 criminal
2353 3484 2460 3539 law
2509 3502 2605 3538 see

309 3567 550 3623 Maine's
576 3567 822 3623 Ancient
849 3569 999 3636 Law,
1025 3567 1187 3638 chap.
1216 3586 1266 3622 x.
1347 3566 1564 3621 Iudicia
1588 3565 1817 3638 publica
1850 3566 1907 3620 in
1944 3568 2039 3622 the
2056 3568 2215 3622 -later
2240 3567 2435 3638 period
2460 3585 2605 3622 were

304 3652 675 3707 commenced
711 3652 789 3721 by
810 3669 885 3706 an
923 3650 1260 3706 indictment
1294 3667 1359 3705 or
1397 3649 1757 3704 information
1786 3651 2013 3720 (‘causa
2047 3649 2296 3706 criminis
2327 3651 2605 3719 ordinata,

306 3735 366 3790 id
401 3746 504 3804 est,
539 3735 999 3806 inscriptionibus
1034 3733 1307 3806 depositis
1324 3736 1338 3762 ’
1365 3734 1507 3790 Cod.
1532 3749 1583 3803 9.
1609 3747 1693 3804 45.
1730 3734 1797 3802 1),
1823 3735 1920 3788 the
1944 3734 2087 3789 form
2116 3735 2182 3789 os
2199 3735 2381 3790 which
2408 3734 2456 3790 is
2481 3751 2605 3806 pre-

306 3818 508 3874 served
546 3817 604 3872 in
639 3818 770 3888 Dig.
798 3820 882 3886 48.
911 3831 962 3873 2.
989 3832 1038 3887 3.
1065 3835 1144 3888 pr.
1175 3817 1362 3889 ‘apud
1397 3816 1554 3871 illum
1593 3827 1913 3886 praetorem
1962 3818 2051 3872 vel
2096 3819 2489 3887 proconsulem
2544 3820 2602 3874 L.

308 3901 491 3956 Titius
527 3902 812 3972 professus
851 3910 938 3958 est
978 3918 1040 3956 se
1081 3901 1369 3956 Maeviam
1405 3902 1530 3969 lege
1570 3899 1715 3955 Iulia
1740 3900 1813 3954 de
1850 3900 2138 3955 adulteriis
2176 3918 2333 3957 ream
2371 3901 2607 3969 deferre,

309 3983 462 4055 quod
487 3982 637 4038 dicat
675 4001 803 4038 eam
840 4001 971 4038 curn
1003 3983 1149 4038 Gaio
1187 3985 1321 4040 Seio
1359 3984 1416 4040 in
1455 3983 1684 4039 civitate
1721 3981 1833 4053 illa,
1861 3983 2032 4038 domo
2063 3983 2227 4053 illius,
2261 4001 2458 4038 mense
2492 3983 2606 4052 ino,

309 4066 632 4122 consulibus
659 4065 768 4120 illis
792 4067 1128 4122 adulterium
1155 4066 1542 4122 commisisse!
1601 4069 1713 4122 But
1741 4068 1836 4121 the
1862 4067 2171 4137 procedure
2198 4067 2255 4122 in
2280 4067 2607 4138 Justinian’s

308 4151 446 4206 time
469 4149 644 4219 being
666 4150 980 4219 altogether
1004 4159 1162 4205 extra
1193 4151 1466 4220 ordinem,
1495 4150 1527 4205 i.
1547 4168 1594 4206 e.
1622 4152 1744 4205 that
1782 4150 2107 4220 prescribed
2144 4150 2230 4205 for
2258 4152 2355 4205 the
2390 4151 2607 4206 several

309 4233 519 4289 iudicia
554 4232 780 4304 publica
816 4234 894 4301 by
919 4243 1127 4288 statute
1163 4233 1374 4304 having
1409 4235 1579 4289 fallen
1618 4233 1738 4288 into
1772 4233 1981 4302 disuse‚
2008 4235 2105 4290 the
2140 4233 2472 4288 differences
2508 4234 2607 4287 be-

310 4327 490 4372 tween
517 4316 735 4372 actions
760 4317 874 4371 and
899 4316 1288 4387 prosecutions
1314 4334 1458 4372 were
1484 4327 1582 4371 not
1608 4333 1675 4372 so
1699 4316 1935 4372 marked
1960 4334 2024 4372 as
2049 4316 2229 4388 might
2267 4317 2337 4372 be
2364 4315 2608 4373 inserted

311 4401 454 4456 from
480 4402 578 4456 the
605 4408 721 4454 text
745 4400 946 4454 above.

383 4483 486 4554 §L
527 4485 864 4554 Plerumque
907 4484 1143 4554 belongs
1186 4493 1247 4539 to
1283 4482 1494 4538 ‘cuivis
1534 4500 1603 4538 ex
1646 4485 1888 4554 populo.’
1963 4484 2311 4554 ImpubereS,
2349 4483 2607 4552 infames,

310 4567 428 4628 and
463 4567 560 4626 the
597 4583 732 4640 very
755 4583 897 4638 poor
932 4585 1076 4628 were
1108 4585 1174 4624 as
1198 4585 1234 4624 a
1259 4570 1378 4624 rule
1402 4567 1664 4624 disabled
1696 4567 1841 4624 from
1875 4567 2253 4639 prosecuting‚
2282 4567 2414 4637 Dig.
2441 4568 2524 4636 48.
2556 4582 2604 4624 2.
