3230 5116
367 424 469 473 Tit.
495 416 568 483 3.]
1089 415 1212 471 DE
1252 417 1482 472 LEGE
1523 417 1903 489 AQUJLJA.
2541 430 2665 500 511

369 584 714 665 pignerata
762 581 900 645 sive
945 580 1248 665 deposita
1292 584 1379 648 sit
1423 586 1602 667 apud
1648 586 1901 649 Titium
1947 586 2056 666 sic,
2104 598 2178 651 ut
2232 588 2484 653 intersit
2534 592 2672 653 eius

370 707 520 751 eam
583 706 716 749 non
771 686 1026 765 auferri,
1085 688 1290 752 veluti
1351 690 1406 752 si
1467 690 1533 753 in
1597 711 1666 754 re
1723 691 2026 773 deposita
2085 692 2350 775 culpam
2408 715 2673 777 quoque

369 792 688 873 promisit,
725 792 863 854 sive
916 792 1091 856 bona
1143 792 1277 857 fide
1326 793 1681 876 possideat,
1726 797 1861 859 sive
1908 816 2099 859 usum
2152 796 2435 861 fructum
2482 801 2546 861 in
2594 820 2673 863 ea

371 896 520 977 quis
571 895 816 959 habeat
866 896 973 959 vel
1025 899 1205 980 quod
1259 899 1439 962 aliud
1502 900 1620 974 iuS,
1676 911 1748 965 ut
1809 900 2065 965 intersit
2120 902 2259 965 eius
2308 923 2439 966 non
2493 905 2671 985 rapi:

371 1001 726 1064 dicendum
766 1008 865 1064 est
901 1014 1276 1084 competere
1317 1004 1376 1067 ei
1423 1003 1594 1069 hanc
1642 1004 1994 1082 actionem,
2027 1013 2100 1069 ut
2134 1026 2265 1070 non
2304 1007 2673 1071 dominium

369 1105 674 1187 accipiat,
727 1106 844 1167 sed
893 1106 1054 1170 illud
1115 1108 1348 1183 solum,
1396 1109 1576 1191 quod
1641 1130 1729 1172 ex
1782 1110 1972 1173 bonis
2020 1110 2159 1173 eius
2210 1112 2323 1193 qui
2374 1111 2673 1193 rapinam

370 1230 604 1293 passus
639 1218 756 1289 est,
799 1211 864 1274 id
912 1221 1013 1275 est
1055 1214 1234 1294 quod
1279 1234 1369 1277 ex
1414 1214 1786 1278 substantia
1834 1214 1972 1277 eius
2005 1215 2306 1279 ablatum
2345 1236 2488 1279 esse
2523 1236 2673 1298 pro-

373 1326 672 1396 ponatur.
763 1324 830 1379 et
869 1316 1262 1398 generaliter
1302 1318 1657 1383 dicendum
1700 1327 1818 1397 est,
1850 1340 1939 1382 ex
1984 1320 2224 1401 quibus
2266 1321 2479 1385 causis
2520 1320 2675 1385 furti

370 1418 547 1483 actio
579 1420 898 1500 competit
928 1422 994 1483 in
1025 1441 1094 1485 re
1124 1422 1295 1486 clam
1327 1421 1519 1502 facta,
1551 1445 1641 1489 ex
1674 1424 1889 1488 isdem
1920 1424 2133 1489 causis
2170 1443 2401 1488 omnes
2433 1424 2677 1488 habere

373 1522 544 1586 hanc
574 1522 920 1589 actionem.

1385 1704 1398 1715 .
1466 1664 1594 1727 ΙΙΙ.

1163 1840 1264 1889 DE
1312 1840 1504 1890 LEGE
1549 1839 1889 1903 AQUILIA.

467 1988 714 2051 Damni
789 1988 1058 2052 iniuriae
1126 1989 1302 2053 actio
1369 1990 1791 2054 constituitur
1854 2010 1973 2072 per
2035 1989 2250 2072 legem
2312 1989 2679 2073 Aquiliam.

378 2092 563 2154 cuius
615 2093 828 2174 primo
876 2094 1094 2175 capite
1134 2104 1402 2158 cautum
1439 2104 1557 2173 est,
1601 2103 1675 2159 ut
1720 2093 1774 2157 si
1819 2094 1966 2175 quis
2010 2093 2348 2158 hominem
2390 2094 2680 2158 alienum

374 2197 748 2260 alienamve
801 2197 1301 2279 quadrupedem
1364 2220 1536 2281 quae
1587 2198 1916 2280 pecudum
1968 2219 2246 2262 numero
2304 2199 2388 2262 sit
2448 2198 2682 2262 iniuria

378 2300 705 2379 occiderit,
731 2302 962 2383 quanti
997 2322 1074 2365 ea
1106 2322 1208 2365 res
1239 2302 1308 2365 in
1339 2323 1419 2366 eo
1451 2322 1626 2366 anno
1658 2302 1922 2384 plurimi
1952 2302 2093 2381 fuit,
2118 2312 2377 2366 tantum
2412 2303 2683 2366 domino

381 2556 478 2616 the
503 2554 822 2611 bonitarian
846 2556 992 2612 form
1011 2556 1077 2612 os
1093 2556 1274 2613 which
1295 2557 1392 2613 the
1412 2558 1619 2629 phrase
1647 2556 1739 2612 ‘in
1759 2556 1926 2612 bonis
1946 2558 2187 2613 habene’
2212 2575 2327 2614 was
2346 2557 2646 2629 employed
2670 2576 2684 2625 ;

381 2638 494 2693 this
515 2656 701 2695 seems
721 2641 872 2694 clear
889 2641 1034 2696 from
1054 2642 1152 2697 the
1167 2642 1448 2711 language
1475 2641 1721 2697 towards
1747 2643 1845 2696 the
1870 2640 1984 2696 end
2010 2643 2075 2695 of
2104 2643 2201 2696 the
2226 2642 2565 2712 paragraph,
2593 2641 2683 2696 ‘ut

383 2738 498 2774 non
537 2722 850 2777 dominium
880 2724 1139 2794 accipiat,
1175 2725 1277 2778 sed
1311 2723 1448 2778 illud
1493 2724 1695 2792 solum,
1742 2724 1894 2794 quod
1936 2740 2003 2778 ex
2040 2724 2209 2778 bonis
2247 2725 2368 2779 eius
2394 2766 2407 2779 .
2438 2764 2451 2778 .
2478 2763 2493 2778 .
2521 2726 2552 2779 .’
2616 2725 2683 2777 In
2770 2741 2775 2744 ·

383 2805 547 2860 other
571 2823 844 2876 passages
870 2807 927 2860 in
951 2807 1117 2862 bonis
1143 2806 1259 2862 and
1284 2825 1352 2862 ex
1375 2807 1542 2861 bonis
1568 2825 1665 2862 are
1690 2816 1789 2861 not
1828 2805 2261 2876 distinguished,
2286 2826 2333 2862 e.
2355 2824 2407 2876 g.
2438 2807 2571 2877 Dig.
2602 2819 2682 2874 50.

391 2887 472 2943 16.
497 2904 605 2958 493
638 2904 724 2955 41.
761 2904 804 2943 1.
829 2905 897 2957 42
922 2908 936 2957 3
975 2903 1060 2969 35.
1087 2905 1138 2945 2.
1166 2905 1250 2958 3²·
1283 2906 1327 2958 1,
1353 2892 1539 2945 where
1565 2889 1623 2944 in
1653 2888 1819 2944 bonis
1846 2891 1949 2944 has
1977 2891 2116 2944 such
2142 2907 2178 2944 a
2202 2890 2347 2944 wide
2371 2907 2537 2945 sense
2563 2889 2687 2944 that

383 2970 624 3040 nothing
648 2989 834 3026 seems
859 2982 920 3026 to
943 2973 1016 3027 be
1041 2973 1140 3027 left
1164 2973 1252 3027 for
1275 2989 1344 3028 ex
1367 2973 1533 3026 bonis
1559 2981 1619 3026 to
1646 2971 1883 3027 include.
1940 2973 2063 3026 The
2084 2972 2411 3027 distinction
2431 2973 2686 3027 between

380 3055 482 3109 >the
507 3071 742 3124 persons
768 3056 894 3109 who
921 3056 1088 3110 could
1115 3073 1217 3111 sue
1241 3073 1316 3110 on
1350 3056 1510 3124 theft,
1531 3055 1647 3109 and
1663 3056 1827 3110 those
1855 3056 1981 3109 who
2007 3055 2175 3110 could
2202 3073 2301 3110 sue
2326 3073 2400 3110 on
2426 3055 2687 3123 robbery,

385 3155 573 3192 seems
598 3148 658 3193 to
684 3139 896 3193 consist
921 3139 980 3192 in
1007 3139 1105 3193 the
1131 3139 1456 3209 depositary
1478 3138 1653 3207 being
1677 3136 1735 3192 in
1767 3155 1925 3193 some
1952 3156 2114 3193 cases
2138 3139 2376 3193 allowed
2402 3141 2499 3193 the
2523 3139 2690 3192 latter

386 3222 570 3277 where
595 3222 668 3276 he
695 3223 862 3277 could
888 3213 986 3277 not
1011 3222 1180 3292 bring
1211 3223 1308 3278 the
1347 3222 1556 3277 former
1587 3221 1795 3290 action,
1822 3239 1887 3275 or
1912 3222 2157 3292 perhaps
2184 3221 2239 3276 in
2267 3239 2425 3276 some
2451 3236 2689 3291 persons

387 3305 596 3374 having
629 3306 728 3361 the
765 3306 914 3360 actio
949 3307 1230 3360 bonorum
1267 3305 1322 3360 vi
1359 3315 1651 3375 raptorum
1689 3306 1831 3374 who,
1859 3306 2073 3374 though
2102 3305 2312 3373 having
2336 3322 2409 3359 an
2436 3305 2687 3371 interest,

386 3387 533 3442 have
558 3405 634 3442 no
658 3390 775 3443 real
799 3387 967 3457 right,
997 3387 1344 3460 possession,
1375 3404 1440 3442 or
1476 3387 1770 3443 detention
1798 3408 1812 3453 ;
1854 3387 2073 3442 ‘utilius
2109 3387 2413 3442 dicendum
2450 3397 2555 3453 est,
2582 3387 2689 3441 etsi

385 3483 572 3526 cesset
609 3472 758 3527 actio
791 3472 920 3527 furti
962 3473 1036 3526 ob
1073 3490 1194 3527 rem
1232 3471 1569 3541 depositam,
1595 3488 1724 3526 esse
1764 3480 1955 3526 tamen
1994 3470 2048 3524 vi
2084 3472 2365 3525 bonorum
2399 3480 2689 3540 raptorum
2730 3481 2735 3484 “

386 3555 687 3624 actionem,
726 3556 859 3626 quia
895 3573 1009 3610 non
1047 3555 1284 3609 minima
1320 3555 1641 3610 differentia
1675 3564 1763 3609 est
1803 3554 1948 3609 inter
1984 3571 2134 3620 eum,
2161 3553 2253 3624 qui
2283 3555 2429 3608 clam
2454 3552 2607 3621 facit,
2634 3563 2690 3608 et

385 3655 536 3706 eum,
555 3639 650 3709 qui
677 3639 839 3709 rapit,
865 3657 995 3695 cum
1021 3639 1112 3694 ille
1139 3639 1284 3693 celet
1309 3655 1474 3693 suum
1500 3638 1786 3705 delictum,
1814 3637 1905 3692 hic
1930 3637 2175 3707 publicet
2196 3647 2252 3692 et
2280 3637 2491 3692 crimen
2518 3637 2691 3692 etiam

389 3721 676 3792 publicum
716 3722 994 3777 admittat.
1071 3722 1132 3778 Si
1183 3720 1308 3793 quis
1353 3721 1522 3792 igitur
1558 3721 1831 3776 interesse
1880 3739 1985 3776 sua
2034 3722 2123 3775 vel
2172 3721 2397 3776 modice
2444 3718 2691 3788 docebit,

389 3805 559 3861 debet
584 3805 796 3860 habere
821 3805 874 3859 vi
900 3806 1179 3861 bonorum
1204 3815 1494 3875 raptorum
1520 3804 1834 3860 actionem'
1861 3804 1994 3874 Dig.
2018 3818 2103 3872 47.
2133 3806 2183 3859 8.
2212 3819 2259 3860 2.
2289 3820 2370 3871 24.

461 3889 587 3943 The
625 3888 882 3942 criminal
917 3889 1251 3944 alternative
1282 3888 1369 3943 for
1391 3890 1489 3944 the
1515 3888 1645 3944 civil
1670 3888 1858 3943 action
1884 3903 1959 3941 on
1984 3887 2228 3955 robbery
2252 3904 2367 3940 was
2394 3903 2467 3940 an
2494 3885 2694 3940 indict-

391 3981 546 4027 ment
566 3972 748 4028 under
766 3974 862 4028 the
882 3974 971 4027 lex
995 3972 1138 4028 Iulia
1164 3974 1235 4028 de
1260 3972 1332 4042 vi,
1359 3971 1446 4028 sor
1468 3974 1564 4028 the
1590 3971 1867 4043 penalties
1892 3971 2145 4026 inflicted
2168 3970 2246 4040 by
2264 3969 2446 4024 which
2466 3987 2562 4025 see
2582 3969 2695 4023 Tit.

397 4058 476 4112 18.
505 4058 538 4111 8
563 4057 660 4112 inf.

462 4144 584 4196 Tit.
609 4143 734 4194 111.
773 4139 789 4170 ‘
807 4142 923 4196 Lex
947 4139 1176 4212 Aquilia
1201 4140 1466 4195 omnibus
1493 4139 1729 4208 legibuS,
1750 4155 1898 4209 quae
1923 4146 2057 4193 ante
2082 4153 2144 4191 se
2162 4136 2237 4192 de
2257 4137 2469 4192 damno
2493 4132 2697 4190 iniuria

393 4223 615 4278 locutae
652 4232 801 4291 sunt,
839 4223 1130 4293 derogavit
1159 4223 1488 4293 (repealed),
1515 4222 1635 4276 sive
1667 4220 1972 4275 duodecim
2007 4219 2214 4274 tabulis
2248 4219 2367 4274 sive
2402 4219 2515 4274 alia
2549 4233 2696 4289 quae

393 4305 516 4374 suit,
555 4323 695 4377 quas
739 4308 893 4376 leges
933 4325 1084 4362 nunc
1125 4307 1332 4361 referre
1373 4322 1490 4360 non
1533 4315 1621 4359 est
1664 4321 1915 4359 necesse.
1992 4305 2155 4374 Quae
2192 4304 2280 4359 lex
2315 4302 2544 4372 Aquilia
2578 4303 2697 4370 ple-

391 4387 662 4443 biscitum
691 4399 795 4458 est,
821 4407 950 4444 cum
983 4405 1114 4444 eam
1149 4388 1426 4459 AquiliuS,
1452 4388 1709 4443 tribunus
1744 4387 1943 4456 plebis,
1971 4403 2007 4442 a
2028 4387 2197 4456 plebe
2226 4384 2536 4454 rogaverit’
2561 4381 2696 4452 Dig.

395 4486 443 4542 9.
475 4487 522 4527 2.
557 4487 598 4527 1.
628 4490 708 4542 pr.
736 4493 750 4539 3
788 4473 860 4528 its
884 4473 1036 4541 date,
1062 4472 1370 4542 according
1399 4482 1459 4527 to
1483 4470 1851 4540 TheophiluS,
1878 4487 1993 4524 was
2020 4471 2117 4524 the
2140 4467 2293 4524 third
2327 4465 2612 4523 secession
2639 4467 2707 4520 os

395 4556 492 4616 the
516 4556 698 4628 plebS,
725 4555 857 4612 circ.
886 4569 938 4613 Β.
957 4567 1006 4612 e.
1037 4557 1155 4626 287.
1231 4556 1357 4613 The
1383 4565 1558 4612 terms
1584 4554 1651 4611 of
1672 4570 1794 4627 cap.
1822 4553 1859 4610 i.
1884 4569 1981 4610 are
2004 4551 2309 4626 preserved
2332 4550 2409 4622 by
2436 4549 2613 4606 Gaius
2638 4548 2698 4604 in
