3230 5116
353 417 456 467 Tit.
481 411 554 479 3.]
679 410 804 466 DE
842 410 1245 466 SENATUS
1289 409 1723 467 CONSULTO
1772 410 2391 470 TERTULLIANO.
2525 407 2654 490 353

351 573 816 640 abstrahentes
861 576 1056 640 certis
1103 575 1415 658 legitimis
1459 576 2070 660 dabant‘personiS,
2117 579 2184 643 in
2236 579 2380 644 aliis
2432 588 2656 645 autem

351 680 756 744 contrarium
809 679 1178 743 faciebant:
1226 678 1418 742 nobis
1461 680 1676 745 visum
1724 690 1825 744 est
1871 691 2048 746 recta
2100 691 2169 746 et
2217 681 2497 765 simplici
2549 682 2658 746 via

352 790 634 845 matrem
693 782 1004 847 omnibus
1075 781 1388 866 legitimis
1457 784 1755 866 personis
1812 785 2129 867 anteponi
2189 794 2257 848 et
2321 787 2464 849 sine
2522 785 2658 850 ulla

353 886 811 951 deminutione
851 887 1136 951 filiorum
1181 906 1450 952 suorum
1492 890 1977 953 successionem
2022 890 2341 971 accipere,
2371 899 2659 972 excepta

347 988 571 1054 fratris
621 999 692 1054 et
749 991 989 1056 sororis
1048 1011 1348 1073 persona,
1403 991 1540 1055 sive
1598 992 2068 1074 consanguinei
2127 994 2259 1057 sint
2316 994 2454 1056 sive
2513 993 2656 1056 sola

353 1095 769 1176 cognationis
818 1095 959 1159 iura
1001 1093 1344 1170 habenteS,
1391 1104 1466 1158 ut
1513 1097 2080 1178 quemadmodum
2128 1117 2278 1160 eam
2330 1106 2475 1161 toto
2521 1097 2655 1160 alio

353 1199 568 1262 ordini
617 1197 920 1282 legitimo
964 1201 1485 1282 praeposuimuS‚
1545 1199 1641 1263 ita
1689 1219 1925 1264 omnes
1980 1200 2211 1264 fratres
2263 1210 2331 1265 et
2366 1220 2653 1275 sororeS,

349 1303 490 1367 sive
541 1302 820 1385 legitimi
880 1303 1017 1368 sint
1068 1305 1205 1368 sive
1258 1323 1410 1378 non,
1460 1304 1548 1367 ad
1600 1306 1955 1386 capiendas
2006 1305 2407 1370 hereditates
2458 1305 2656 1370 simul

347 1425 684 1482 vocemuS,
715 1407 809 1472 ita
852 1415 1080 1471 tamen
1119 1416 1214 1486 ut,
1251 1408 1305 1470 si
1350 1407 1622 1489 quidem
1664 1408 1845 1472 solae
1888 1428 2143 1473 sorores
2186 1418 2513 1492 cognatae
2548 1408 2656 1472 vel

351 1511 686 1593 adgnatae
718 1521 786 1575 et
823 1521 1036 1576 mater
1065 1511 1358 1576 defuncti
1386 1510 1494 1574 vel
1536 1511 1885 1577 defunctae
1929 1515 2279 1597 supersint,
2308 1513 2655 1577 dimidiam
2704 1593 2709 1600 .

346 1616 620 1698 quidem
668 1625 896 1694 mater,
925 1615 1203 1680 alteram
1247 1637 1406 1681 vero
1447 1616 1796 1681 dimidiam
1836 1627 2097 1700 partem
2131 1639 2364 1682 omnes
2399 1638 2655 1682 sorores

347 1719 663 1798 habeant,
701 1721 753 1785 si
789 1741 946 1784 vero
993 1715 1206 1798 matre
1249 1721 1606 1804 superstite
1651 1733 1719 1787 et
1761 1721 1962 1786 fratre
2001 1722 2106 1787 vel
2150 1722 2458 1787 fratribus
2499 1722 2656 1788 solis

346 1821 456 1886 vel
499 1824 704 1888 etiam
751 1843 901 1888 cum
946 1824 1280 1888 sororibus
1326 1826 1466 1888 sive
1509 1824 1809 1907 legitima
1854 1826 1991 1890 sive
2049 1825 2191 1889 sola
2242 1826 2655 1909 cognationis

348 1928 490 1991 iura
518 1927 915 1993 habentibus
945 1930 1298 1994 intestatus
1327 1929 1475 2012 quis
1497 1929 1601 1993 vel
1632 1931 1948 1994 intestata
1979 1931 2313 2008 moriatur,
2338 1931 2403 1993 iu
2435 1932 2656 2012 capita

346 2031 780 2097 distribuatur
803 2033 942 2096 eius
970 2032 1327 2099 hereditas.
1420 2033 1556 2098 Sed
1589 2034 2154 2117 quemadmodum
2182 2054 2303 2099 nos
2334 2034 2652 2099 matribus
2678 2042 2715 2097 6

347 2136 834 2218 prospeximuS,
877 2137 975 2202 ita
1017 2158 1131 2201 eas
1172 2146 1440 2220 oportet
1485 2158 1644 2202 suae
1692 2137 1908 2201 suboli
1958 2137 2333 2202 consulere:
2394 2139 2654 2202 scituris

353 2241 466 2314 eiS,
509 2241 706 2322 quod,
739 2241 794 2304 si
837 2250 1088 2306 tutores
1130 2242 1352 2306 liberis
1392 2263 1524 2305 non
1566 2243 1879 2325 petierint
1906 2243 2013 2306 vel
2057 2243 2125 2304 in
2164 2241 2385 2307 locum
2416 2243 2653 2307 remoti

345 2341 454 2406 vel
502 2344 798 2409 excusati
847 2346 1018 2409 intra
1071 2365 1318 2409 annum
1364 2353 1590 2429 petere
1638 2345 2068 2428 neglexerint,
2114 2345 2201 2408 ab
2250 2366 2477 2409 eorum
2528 2346 2653 2408 im-

347 2445 674 2528 puberum
729 2448 1150 2513 morientium
1187 2449 1600 2514 successione
1648 2451 1883 2513 merito
1927 2448 2348 2530 repellentur.
2458 2449 2651 2514 Licet
2678 2455 2713 2510 7

345 2561 572 2616 autem
616 2551 817 2635 vulgo
865 2554 1202 2638 quaesitus
1255 2554 1341 2619 sit
1385 2553 1560 2618 filius
1603 2554 1838 2631 filiave,
1885 2564 2110 2637 potest
2155 2557 2243 2620 ad
2292 2554 2468 2620 bona
2511 2555 2651 2619 eius

352 2663 569 2720 mater
595 2678 684 2721 ex
714 2657 1129 2722 Tertulliano
1161 2667 1430 2723 senatus
1461 2657 1767 2723 consulto
1797 2659 2081 2723 admitti.

347 2901 499 2958 tions
524 2903 694 2959 made
719 2902 778 2959 in
802 2905 1000 2961 favour
1033 2904 1100 2959 of
1116 2905 1329 2960 certain
1364 2907 1528 2961 other
1550 2906 1820 2962 relations
1846 2905 2029 2961 which
2056 2923 2152 2962 are
2185 2905 2416 2961 noticed
2440 2924 2514 2961 on
2542 2908 2572 2973 §
2602 2921 2653 2975 3,

349 2985 466 3041 and
489 2987 773 3056 preferred
799 2989 896 3043 the
932 2989 1157 3043 mother
1191 2999 1250 3043 to
1278 2990 1352 3043 all
1378 2990 1541 3044 other
1573 2989 1829 3059 legitimi,
1854 2999 2054 3061 except
2087 2992 2214 3044 that
2245 2990 2505 3044 brothers
2536 2989 2651 3044 and

347 3068 544 3125 sisters
582 3071 790 3127 shared
827 3072 923 3127 the
961 3070 1311 3129 inheritance
1337 3072 1471 3126 with
1510 3074 1650 3138 her;
1686 3072 1736 3127 if
1764 3073 1923 3127 there
1948 3089 2094 3127 were
2122 3072 2381 3127 brothers
2413 3073 2560 3141 only,
2587 3088 2653 3125 or

343 3154 607 3209 brothers
647 3154 760 3209 and
812 3154 1023 3223 sisterS,
1065 3154 1106 3209 it
1149 3172 1265 3210 was
1310 3154 1543 3209 divided
1585 3154 1643 3208 in
1688 3154 1877 3225 capita
1910 3155 2167 3209 between
2204 3155 2362 3209 them
2400 3153 2516 3208 and
2552 3156 2650 3209 the

345 3237 599 3303 mother;
636 3237 686 3292 if
702 3237 896 3293 sisters
933 3239 1083 3307 only,
1111 3240 1245 3307 they
1269 3239 1529 3307 together
1564 3238 1681 3293 and
1714 3239 1811 3292 the
1846 3238 2071 3293 mother
2102 3237 2239 3292 took
2276 3237 2334 3291 in
2371 3236 2648 3292 moietieS.

345 3320 435 3390 By
463 3322 608 3375 Nov.
632 3336 717 3377 22.
742 3333 811 3389 47
836 3321 1118 3392 Justinian
1145 3321 1386 3377 enacted
1410 3322 1532 3377 that
1559 3338 1703 3377 even
1727 3322 1913 3377 where
1938 3322 2098 3377 there
2122 3326 2268 3377 were
2294 3320 2489 3376 sisters
2514 3322 2650 3391 only

346 3404 445 3459 the
470 3404 713 3460 division
739 3405 945 3460 should
968 3405 1041 3460 be
1067 3405 1125 3459 in
1152 3404 1359 3475 capita.

419 3484 446 3557 §
475 3490 529 3543 6.
569 3488 710 3543 This
735 3490 854 3545 rule
880 3488 1198 3558 originated
1223 3488 1280 3543 in
1306 3506 1380 3545 an
1406 3488 1649 3560 epistola
1674 3488 1740 3543 of
1759 3487 2068 3559 Septimius
2090 3488 2351 3557 Severus,
2372 3495 2563 3543 extant
2591 3486 2648 3541 in

345 3570 477 3641 Dig.
507 3572 591 3626 26.
618 3573 668 3628 6.
696 3586 746 3627 2.
773 3586 822 3627 2.

410 3658 532 3711 'rm
560 3658 672 3712 IV.
713 3655 917 3711 Under
939 3656 1037 3712 the
1059 3656 1169 3711 law
1194 3655 1260 3710 os
1276 3656 1372 3711 the
1398 3656 1625 3711 Twelve
1642 3654 1854 3710 Tables
1880 3655 1977 3709 the
2003 3652 2257 3711 children
2284 3654 2348 3710 of
2365 3671 2401 3709 a
2426 3669 2648 3707 woman

344 3739 472 3794 who
513 3738 646 3795 died
681 3737 946 3795 intestate
988 3739 1104 3794 had
1136 3756 1212 3793 no
1250 3738 1419 3793 claim
1461 3749 1522 3794 to
1559 3739 1803 3795 succeed
1840 3740 1941 3793 her
1977 3738 2295 3805 whatever;
2333 3739 2468 3806 they
2504 3753 2650 3792 were

343 3821 566 3877 neither
601 3822 688 3878 sui
725 3840 830 3877 nor
862 3823 969 3878 her
1003 3832 1240 3893 agnates
1280 3822 1493 3893 (unless
1532 3822 1741 3879 indeed
1778 3822 1881 3877 she
1907 3840 2022 3879 was
2060 3822 2117 3877 in
2154 3838 2329 3877 manu
2353 3820 2558 3889 mariti,
2587 3820 2646 3874 in

345 3905 528 3961 which
565 3922 698 3961 case
739 3908 842 3962 she
885 3904 1054 3961 could
1087 3908 1247 3962 leave
1283 3922 1358 3961 no
1395 3916 1663 3977 property
1700 3914 1760 3961 to
1801 3905 2054 3975 inherit).
2120 3905 2247 3962 The
2283 3914 2512 3977 praetor
2546 3902 2649 3958 ad-

343 3988 546 4044 mitted
570 3991 727 4045 them
751 4000 812 4045 to
836 3989 1117 4044 bonorum
1150 3989 1437 4060 possessio
1462 3989 1520 4044 in
1557 3990 1654 4046 the
1680 3990 1831 4044 third
1867 3988 2217 4060 (practically
2242 3986 2477 4055 second)
2506 3987 2649 4040 rank

342 4072 492 4141 only,
533 4073 881 4144 postponing
915 4074 1071 4127 them
1109 4082 1169 4128 to
1205 4072 1352 4128 their
1387 4074 1653 4128 mother’s
1691 4083 1945 4142 agnateS,
1969 4072 2151 4129 Gaius
2178 4072 2236 4127 ii.
2262 4087 2372 4141 303
2405 4072 2505 4126 the
2538 4070 2650 4125 SC.

342 4154 702 4227 Orfitianum,
727 4154 850 4213 AJD.
884 4157 980 4223 178
1009 4154 1046 4224 (‘
1062 4154 1335 4211 Antonini
1361 4166 1417 4211 et
1446 4156 1747 4211 Commodi
1774 4156 2029 4212 oratione
2046 4158 2060 4186 ’
2086 4154 2319 4227 Ulpian,
2339 4172 2457 4224 reg.
2482 4153 2566 4208 26.
2596 4165 2647 4221 7,

341 4239 413 4296 cf.
442 4240 794 4311 Capitolinus
825 4242 1000 4295 Marc.
1037 4255 1056 4294 1
1073 4240 1140 4309 1),
1172 4256 1316 4309 gave
1352 4240 1510 4295 them
1535 4257 1571 4295 a
1595 4249 1874 4309 statutory
1898 4240 2019 4295 title
2054 4239 2111 4294 in
2136 4239 2464 4311 preference
2488 4246 2549 4291 to
2574 4234 2649 4291 all

341 4333 580 4392 agnates
619 4323 876 4396 (Ulpian,
901 4324 1008 4378 loc.
1035 4322 1168 4394 cit.),
1195 4322 1513 4393 admitting‚
1538 4324 1816 4392 however,
1849 4324 1948 4378 the
1986 4324 2252 4377 woman’s
2284 4331 2573 4393 patronuS,
2609 4318 2659 4373 if

341 4406 446 4461 she
469 4424 617 4463 were
649 4406 870 4477 liberta,
895 4417 954 4463 to
980 4423 1017 4462 a
1041 4408 1208 4463 share
1243 4405 1564 4478 equivalent
1589 4416 1651 4463 to
1674 4408 1801 4463 that
1834 4406 2005 4463 taken
2040 4406 2117 4476 by
2141 4405 2284 4463 each
2319 4403 2488 4473 child,
2517 4400 2649 4471 Dig.

343 4490 428 4560 38.
464 4504 544 4557 ¹7·
577 4505 618 4546 1.
647 4506 696 4562 9.

1435 4628 1490 4679 A
1516 4635 1559 4680 a
