3230 5116
490 426 613 490 124
890 418 1039 473 INS
1044 418 1135 472 TI
1136 418 1190 472 T
1192 418 1251 473 U
1255 416 1457 472 TION
1462 417 1593 471 UM
1629 416 1868 471 LIBRI
1908 416 2385 488 QUATTUOR.
2598 418 2726 483 [Lib.
2747 425 2784 472 1.

483 582 852 645 interventu
908 582 1399 645 matrimonium
1448 581 1570 647 sibi
1635 580 1942 664 copulare
1993 580 2354 644 secundum
2413 580 2643 645 datum
2697 602 2786 644 ex

482 686 955 750 constitutione
1000 687 1291 749 modum.

426 799 450 851 1
574 789 755 871 Ergo
794 810 925 853 non
972 810 1203 854 omnes
1252 790 1442 853 nobis
1494 809 1738 853 uxores
1783 789 2021 852 ducere
2065 787 2256 853 licet:
2318 808 2473 852 nam
2505 808 2788 870 quarun-

484 893 641 955 dam
674 895 919 975 nuptiis
950 893 1413 958 abstinendum
1462 903 1583 957 est.
1675 894 1845 957 inter
1873 912 1986 957 eas
2032 894 2208 955 enim
2254 913 2585 975 personas,
2617 913 2788 975 quae

483 1006 831 1078 parentum
879 998 1314 1062 liberorumve
1359 998 1575 1062 locum
1626 998 1795 1061 inter
1836 1019 1908 1061 se
1954 998 2275 1078 optinent,
2319 999 2587 1079 nuptiae
2632 1016 2787 1060 con-

482 1099 651 1163 trahi
694 1120 825 1163 non
876 1110 1174 1183 possunt,
1205 1101 1404 1163 veluti
1449 1102 1617 1163 inter
1663 1109 1919 1183 patrem
1967 1110 2034 1164 et
2081 1100 2284 1163 filiam
2325 1100 2432 1163 vel
2476 1121 2672 1163 avum
2720 1110 2787 1164 et

484 1213 754 1285 neptem
789 1204 894 1268 vel
942 1215 1221 1269 matrem
1268 1214 1335 1267 et
1381 1204 1587 1267 filium
1623 1205 1729 1267 vel
1773 1206 1990 1268 aviam
2031 1214 2099 1267 et
2143 1214 2452 1287 nepotem
2484 1214 2552 1267 et
2581 1224 2788 1286 usque

483 1307 570 1370 ad
621 1308 985 1371 infinitum:
1051 1318 1117 1372 et
1166 1309 1218 1370 si
1266 1308 1434 1372 tales
1480 1328 1800 1390 personae
1841 1310 2012 1370 inter
2056 1328 2128 1371 se
2173 1308 2465 1385 coierint,
2511 1307 2788 1371 nefarias

482 1421 684 1492 atque
715 1414 1001 1476 incestas
1035 1414 1298 1495 nuptias
1335 1414 1746 1476 contraxisse
1792 1414 2114 1475 dicuntur.
2205 1421 2271 1475 et
2301 1412 2463 1475 haec
2495 1412 2664 1474 adeo
2698 1413 2788 1474 ita

486 1524 654 1593 sunt,
686 1525 775 1593 ut,
809 1518 1109 1598 quamvis
1154 1536 1274 1597 per
1317 1516 1744 1599 adoptionem
1787 1526 2132 1598 parentum
2169 1514 2604 1578 liberorumve
2641 1514 2788 1579 loco

482 1619 604 1681 sibi
653 1640 799 1684 esse
842 1622 1193 1703 coeperint,
1232 1641 1362 1683 non
1404 1622 1662 1702 possint
1707 1622 1877 1684 inter
1911 1642 1984 1684 se
2031 1621 2452 1683 matrimonio
2497 1620 2675 1701 iungi
2723 1619 2788 1682 in

484 1732 763 1802 tantum,
817 1734 891 1787 ut
946 1725 1148 1788 etiam
1210 1724 1531 1788 dissoluta
1598 1725 1958 1807 adoptione
2027 1724 2206 1787 idem
2267 1724 2421 1787 iuris
2483 1733 2787 1787 maneat:

483 1828 708 1910 itaque
768 1848 934 1907 eam,
977 1849 1147 1910 quae
1197 1830 1316 1891 tibi
1371 1849 1489 1911 per
1539 1830 1972 1910 adoptionem
2023 1826 2159 1891 filia
2211 1837 2325 1891 aut
2386 1828 2601 1909 neptis
2648 1846 2790 1890 esse

484 1933 787 2014 coeperit,
844 1954 974 1995 non
1036 1934 1283 2015 poteris
1344 1953 1620 1995 uxorem
1690 1933 1946 2012 ducere,
1995 1932 2297 2015 quamvis
2357 1952 2504 1995 earn
2567 1951 2791 1995 eman-

484 2038 821 2118 cipaveriS.

420 2144 456 2197 2
575 2140 756 2204 Inter
792 2161 904 2204 eas
951 2160 1214 2223 quoque
1255 2162 1591 2223 personaS,
1638 2161 1809 2224 quae
1856 2163 1944 2205 ex
1985 2150 2359 2204 transverso
2395 2141 2603 2223 gradu
2637 2160 2788 2222 cog-

484 2244 769 2308 nationis
819 2247 1189 2329 iunguntur,
1236 2256 1339 2310 est
1386 2248 1716 2327 quaedam
1771 2245 1999 2309 similis
2052 2246 2442 2323 observatio,
2487 2246 2604 2308 sed
2659 2264 2790 2307 non

484 2357 690 2412 tanta.
772 2370 931 2412 sane
963 2352 1137 2413 enim
1170 2352 1338 2412 inter
1367 2349 1634 2412 fratrem
1667 2370 2089 2430 sororemque
2120 2350 2390 2429 nuptiae
2421 2348 2792 2431 prohibitae

484 2460 652 2527 sunt,
686 2454 823 2515 sive
862 2453 949 2516 ab
992 2454 1229 2516 eodem
1274 2464 1463 2537 patre
1510 2455 1876 2535 eademque
1927 2462 2136 2515 matre
2184 2453 2321 2514 nati
2363 2451 2620 2527 suerint,
2654 2453 2791 2514 sive

484 2576 571 2618 ex
602 2555 916 2621 alterutro
948 2577 1192 2622 eorum.
1277 2556 1393 2620 sed
1428 2558 1479 2620 si
1512 2578 1645 2640 qua
1676 2578 1793 2639 per
1820 2556 2251 2639 adoptionem
2285 2577 2467 2618 soror
2497 2556 2615 2619 tibi
2650 2577 2792 2619 esse

483 2662 792 2744 coeperit,
840 2662 1152 2744 quamdiu
1200 2661 1471 2744 quidem
1520 2670 1780 2726 constat
1833 2661 2122 2742 adopti0‚
2179 2681 2337 2724 sane
2386 2661 2557 2723 inter
2603 2671 2672 2723 te
2725 2669 2792 2723 et

484 2785 632 2827 eam
680 2766 947 2848 nuptiae
994 2767 1350 2830 consistere
1397 2786 1529 2829 non
1578 2773 1893 2848 possunt:
1947 2785 2094 2828 curn
2143 2785 2297 2828 vero
2345 2783 2462 2847 per
2507 2766 2794 2828 emanci-

484 2870 822 2950 pationem
867 2871 1140 2954 adoptio
1186 2871 1507 2935 dissoluta
1553 2871 1656 2947 sit,
1699 2871 1948 2952 poteris
1994 2889 2142 2932 eam
2191 2887 2469 2931 uxorem
2515 2869 2790 2931 ducere:

484 2975 602 3037 sed
637 2984 703 3038 et
734 2977 789 3038 si
821 2983 891 3037 tu
928 2975 1382 3059 emancipatus
1420 2975 1636 3053 fueriS‚
1667 2973 1826 3036 nihil
1869 2983 1970 3037 est
2012 2973 2489 3055 impedimento
2529 2975 2792 3056 nuptiiS.

487 3089 555 3143 et
600 3080 751 3142 ideo
800 3090 1081 3156 constat,
1124 3081 1178 3144 si
1228 3081 1372 3163 quis
1414 3100 1729 3162 generum
1780 3079 2100 3160 adoptare
2140 3078 2318 3156 velit,
2354 3079 2598 3141 debere
2643 3063 2816 3141 eum⁴

486 3194 641 3247 ante
675 3183 877 3246 filiam
910 3167 1095 3248 suam
1130 3185 1581 3268 emancipare:
1632 3192 1700 3246 et
1735 3184 1790 3246 si
1822 3183 1968 3265 quis
1999 3183 2158 3245 velit
2191 3203 2422 3245 nurum
2453 3183 2792 3265 adoptare,

426 3295 461 3347 3
487 3288 731 3352 debere
764 3309 913 3352 eum
945 3299 1103 3353 ante
1136 3289 1340 3352 filium
1380 3290 1816 3369 emancipare.
1907 3287 2154 3350 Fratris
2184 3285 2289 3350 vel
2319 3287 2558 3350 sororis
2589 3286 2792 3348 filiam

486 3457 559 3510 de
600 3456 775 3510 fundo
821 3457 1013 3524 dotali,
1042 3456 1174 3510 with
1218 3456 1547 3527 Justinian’s
1591 3456 1990 3510 amendments
2031 3455 2159 3524 (Bk.
2193 3455 2244 3508 ii.
2284 3456 2333 3509 8.
2360 3472 2440 3524 pr.
2471 3454 2609 3523 inf),
2649 3471 2793 3508 were

487 3539 741 3593 directed
767 3549 825 3593 to
849 3540 947 3594 the
974 3557 1135 3594 same
1160 3556 1420 3610 purpose.
1489 3541 1604 3593 For
1624 3539 1736 3593 this
1759 3539 1939 3593 whole
1965 3536 2184 3607 subject
2209 3555 2306 3592 see
2334 3537 2424 3592 Sir
2453 3539 2526 3592 H.
2554 3537 2792 3592 Maine's

487 3624 723 3692 chapter
746 3639 819 3676 on
855 3624 951 3677 the
979 3622 1195 3691 history
1221 3623 1284 3676 of
1314 3623 1413 3676 the
1447 3622 1654 3676 settled
1692 3632 1959 3691 property
1985 3622 2049 3676 of
2079 3621 2323 3676 married
2349 3638 2586 3689 women,
2613 3621 2670 3674 in
2696 3622 2793 3676 the

489 3707 662 3774 Early
686 3705 923 3775 History
942 3706 1008 3759 os
1029 3705 1386 3760 Institutions
1412 3725 1425 3770 ;
1464 3705 1579 3759 and
1604 3705 1692 3758 for
1717 3705 1813 3759 the
1840 3714 2199 3774 counterpart
2225 3704 2291 3758 os
2302 3704 2424 3772 dos,
2445 3705 2541 3758 the
2561 3703 2793 3758 donatio

486 3798 620 3842 ante
645 3805 709 3842 or
734 3799 963 3858 propter
988 3787 1232 3857 nuptiaS,
1262 3787 1368 3840 Bk.
1394 3786 1449 3842 ii.
1477 3800 1524 3853 7.
1555 3802 1604 3855 3,
1632 3787 1747 3841 and
1773 3797 1952 3855 noteS,
1981 3787 2074 3841 inf.

560 3869 588 3940 §
618 3874 663 3925 1.
708 3871 847 3925 This
886 3872 1003 3926 and
1032 3873 1127 3925 the
1162 3871 1449 3939 following
1485 3871 1734 3926 sections
1774 3870 2002 3924 contain
2034 3871 2131 3924 the
2165 3870 2314 3924 rules
2353 3859 2660 3924 ofRoman
2687 3871 2794 3926 law

486 3954 835 4024 prohibiting
885 3955 1097 4010 certain
1144 3953 1454 4024 marriages
1504 3971 1579 4009 on
1618 3956 1716 4009 the
1760 3954 1980 4024 ground
2018 3954 2083 4008 of
2111 3953 2340 4023 kinship
2389 3954 2646 4008 between
2697 3955 2794 4008 the

486 4038 711 4109 parties,
791 4041 843 4093 It
882 4038 993 4092 will
1029 4040 1101 4093 be
1142 4039 1421 4093 observed
1458 4039 1583 4093 that
1622 4038 1888 4108 adoptive
1923 4055 2038 4092 was
2068 4055 2134 4093 as
2174 4038 2432 4093 effectual
2469 4055 2534 4092 as
2573 4038 2793 4092 natural

485 4121 857 4191 relationship
895 4132 954 4176 to
991 4122 1096 4176 bar
1132 4123 1273 4176 such
1311 4122 1555 4189 unions;
1598 4122 1714 4178 and
1753 4123 1849 4177 the
1887 4139 2044 4177 same
2083 4121 2405 4192 incapacity
2443 4122 2691 4176 resulted
2735 4121 2793 4175 in

484 4202 812 4274 Justinian's
839 4204 976 4260 time
1006 4205 1172 4274 (Cod.
1205 4217 1249 4274 5.
1278 4221 1326 4273 4.
1358 4205 1447 4273 26)
1476 4205 1622 4260 from
1649 4205 1945 4274 ‘cognatio
1985 4205 2324 4275 spiritualiS‚’
2347 4206 2446 4260 the
2471 4205 2710 4260 relation
2735 4205 2802 4258 of

486 4286 800 4356 godparent
839 4288 954 4342 and
990 4288 1277 4358 godehild,
1303 4289 1417 4344 and
1455 4299 1514 4343 to
1552 4307 1587 4344 a
1625 4289 1739 4344 still
1776 4291 1961 4358 larger
1996 4290 2202 4358 degree
2240 4290 2421 4344 under
2457 4291 2554 4344 the
2594 4291 2792 4344 Canon

490 4371 659 4438 Law;
697 4387 793 4425 see
830 4388 989 4427 some
1027 4373 1282 4428 remarks
1319 4373 1383 4427 of
1415 4373 1507 4428 Sir
1535 4376 1607 4428 H.
1643 4374 1853 4443 Maine,
1883 4373 2058 4442 Early
2087 4373 2323 4443 History
2349 4373 2413 4428 of
2436 4372 2790 4427 Institutions

486 4470 545 4524 p.
572 4469 677 4520 240
700 4471 781 4524 sq.

560 4539 589 4604 §
614 4539 670 4592 3.
710 4537 887 4592 Gaius
910 4539 1068 4608 <1262
1094 4559 1108 4608 ς
1144 4539 1215 4594 cf.
1237 4543 1371 4596 Tac.
1394 4543 1540 4597 Ann.
1572 4557 1649 4596 12.
1678 4553 1724 4612 5.
1746 4553 1795 4611 7,
1825 4539 2144 4610 Suetonius,
2167 4539 2364 4594 Claud.
2393 4538 2483 4609 26)
2511 4555 2644 4608 says
2669 4538 2792 4592 that
