3230 5116
577 378 698 463 196
982 387 1131 444 INS
1135 386 1281 442 TIT
1288 387 1555 443 UTION
1557 386 1688 441 UM
1724 384 1961 440 LIBRI
2000 385 2473 457 QUATTUOR.
2666 386 2791 453 [Lib.
2806 390 2871 440 Π.

571 565 640 620 et
669 558 900 622 fuerat.
960 555 1130 619 adeo
1160 562 1385 618 autem
1419 574 1508 616 ex
1546 572 1647 628 e0,
1680 571 1770 615 ex
1814 571 1949 633 quo
1984 552 2235 616 radices
2264 552 2406 635 agit
2437 551 2686 635 planta,
2718 573 2869 634 pro-

570 660 818 743 prietas
863 659 1002 726 eius
1047 665 1516 733 commutatur,
1547 664 1641 732 ut,
1684 656 1739 718 si
1778 654 1974 719 vicini
2020 656 2324 720 arborem
2374 655 2467 720 ita
2506 667 2681 721 terra
2710 656 2869 720 Titii

567 765 894 848 presserit,
926 774 1000 829 ut
1031 764 1096 826 in
1135 762 1274 827 eius
1303 762 1580 826 fundum
1612 759 1866 824 radices
1895 768 2140 842 ageret,
2172 759 2333 824 Titii
2372 761 2536 825 effici
2568 762 2869 825 arborem

567 866 886 931 dicimus:
935 869 1255 932 rationem
1309 864 1554 930 etenim
1605 884 1739 927 non
1787 864 2190 947 permittere,
2243 873 2318 928 ut
2364 864 2633 929 alterius
2676 865 2873 928 arbor

570 992 714 1036 esse
761 971 1202 1055 intellegatur,
1249 989 1450 1053 quam
1500 969 1685 1033 cuius
1734 967 1799 1030 in
1848 967 2126 1031 fundum
2176 969 2433 1033 radices
2484 968 2741 1052 egisset.
2802 976 2871 1032 et

570 1074 722 1139 ideo
766 1096 975 1159 prope
1019 1074 1376 1140 confinium
1413 1074 1611 1137 arbor
1655 1073 1873 1155 posita
1920 1073 1973 1134 si
2020 1074 2222 1135 etiam
2270 1073 2335 1136 in
2366 1073 2559 1137 vicini
2590 1073 2869 1137 fundum

475 1181 548 1240 32
570 1179 823 1243 radices
882 1181 1106 1262 egerit,
1158 1179 1529 1244 communis
1587 1177 1683 1240 fit.
1794 1175 1949 1257 Qua
2002 1179 2255 1240 ratione
2306 1187 2530 1241 autem
2584 1176 2872 1260 plantae,

573 1303 746 1365 quae
790 1292 1002 1348 terrae
1032 1283 1431 1358 coalescunt,
1463 1281 1607 1345 solo
1651 1282 1915 1357 cedunt,
1962 1281 2199 1345 eadem
2244 1283 2501 1345 ratione
2539 1281 2871 1345 frumenta

570 1408 851 1470 quoque,
906 1408 1078 1470 quae
1130 1397 1276 1452 sata
1319 1395 1495 1462 sunt,
1545 1385 1688 1448 solo
1733 1386 1966 1450 cedere
2010 1384 2500 1467 intelleguntur.
2577 1393 2869 1449 ceterum

571 1492 740 1555 sicut
771 1492 827 1555 is
856 1492 968 1574 qui
1000 1493 1066 1554 in
1099 1492 1316 1554 alieno
1351 1489 1496 1554 solo
1535 1489 2001 1566 aedificaverit,
2032 1489 2088 1551 si
2118 1490 2206 1552 ab
2238 1511 2319 1553 eo
2349 1491 2655 1553 dominus
2685 1497 2873 1573 petat

569 1596 962 1675 aedificium,
986 1595 1250 1660 defendi
1275 1603 1501 1679 potest
1523 1615 1642 1678 per
1663 1594 2127 1675 exceptionem
2160 1593 2295 1657 doli
2321 1593 2475 1656 mali
2506 1595 2867 1658 secundum

572 1719 651 1762 ea
681 1720 853 1782 quae
888 1700 1220 1765 diximus:
1267 1700 1361 1764 ita
1399 1699 1695 1762 eiusdem
1741 1698 2153 1779 exceptionis
2196 1698 2449 1761 auxilio
2493 1707 2679 1762 tutus
2726 1718 2873 1762 esse

571 1812 794 1887 potest
826 1805 880 1868 is
910 1806 1022 1887 qui
1053 1804 1341 1868 alienum
1375 1803 1657 1867 fundum
1694 1822 1815 1864 sua
1855 1803 2157 1884 impensa
2186 1802 2363 1866 bona
2394 1801 2525 1866 fide
2556 1802 2871 1866 consevit.

476 1909 546 1965 33
573 1907 872 1972 Litterae
894 1929 1178 1992 quoque,
1193 1909 1346 1972 licet
1359 1927 1596 1971 aureae
1615 1906 1764 1982 sint,
1779 1905 2052 1988 perinde
2073 1905 2315 1970 chartis
2338 1907 2873 1988 membranisque

569 2013 833 2090 cedunt,
887 2013 1019 2076 acsi
1079 2011 1222 2076 solo
1274 2013 1508 2077 cedere
1559 2009 1777 2075 solent
1837 2029 1917 2073 ea
1968 2030 2142 2092 quae
2194 2009 2698 2075 inaedificantur
2753 2018 2870 2074 aut

569 2115 980 2180 inseruntur:
1044 2115 1329 2199 ideoque
1369 2117 1423 2180 si
1477 2115 1543 2178 in
1592 2113 1837 2178 chartis
1892 2113 2373 2178 membranisve
2424 2115 2557 2177 tuis
2604 2134 2867 2178 carmen

571 2217 679 2282 vel
726 2218 1069 2287 historiam
1118 2221 1223 2284 vel
1266 2221 1633 2296 orationem
1678 2217 1900 2281 Titius
1943 2217 2296 2300 scripserit,
2341 2217 2535 2283 huius
2580 2219 2871 2302 corporis

567 2340 700 2384 non
732 2320 969 2396 Titius,
1002 2323 1119 2386 sed
1152 2332 1224 2386 tu
1258 2323 1566 2387 dominus
1598 2342 1742 2386 esse
1780 2321 2099 2386 iudiceris.
2160 2323 2277 2385 sed
2310 2321 2364 2386 si
2396 2342 2437 2385 a
2466 2321 2650 2386 Titio
2681 2331 2871 2404 petas

568 2432 722 2488 tuos
751 2423 954 2489 libros
997 2435 1230 2490 tuasve
1271 2426 1691 2490 membranas
1736 2445 1880 2490 esse
1926 2445 2047 2488 nec
2092 2425 2463 2508 impensam
2511 2427 2870 2509 scripturae

570 2525 822 2591 solvere
846 2539 1117 2611 paratus
1140 2530 1246 2607 εἰς,
1265 2531 1506 2613 poterit
1536 2550 1609 2594 se
1639 2528 1859 2594 Titius
1882 2527 2235 2595 defendere
2255 2549 2373 2612 per
2403 2530 2868 2613 exceptionem

569 2631 706 2695 doli
760 2633 937 2708 mali,
987 2635 1217 2717 utique
1255 2636 1308 2699 si
1349 2636 1526 2699 bona
1580 2634 1713 2697 fide
1761 2655 1988 2699 earum
2032 2632 2405 2701 chartarum
2455 2635 2871 2698 membrana·

473 2735 542 2790 34
573 2756 802 2800 rumve
849 2740 1334 2821 possessionem
1385 2750 1666 2803 nanctus
1714 2748 1835 2801 est.
1944 2736 2017 2802 Si
2065 2739 2215 2820 quis
2259 2738 2326 2800 in
2379 2738 2593 2801 aliena
2640 2738 2870 2803 tabula

567 2840 878 2922 pinxerit,
908 2842 1180 2925 quidam
1226 2851 1464 2926 putant
1510 2841 1809 2906 tabulam
1856 2841 2152 2924 picturae
2188 2843 2460 2906 cedere:
2505 2842 2651 2906 aliis
2686 2843 2870 2906 vide-

568 2952 679 3007 tur
735 2944 1080 3026 picturam,
1125 2946 1627 3029 qualiscumque
1684 2946 1787 3021 sit,
1852 2944 2119 3009 tabulae
2177 2944 2431 3010 cedere.
2515 2947 2631 3009 sed
2679 2945 2869 3009 nobis

566 3046 830 3112 videtur
878 3049 1112 3113 melius
1160 3070 1305 3113 esse
1351 3049 1649 3113 tabulam
1699 3049 1996 3131 picturae
2040 3050 2311 3119 cedere:
2375 3048 2721 3113 ridiculum
2768 3058 2869 3114 est

571 3149 748 3213 enim
781 3152 1106 3234 picturam
1143 3152 1407 3237 Apellis
1437 3152 1544 3217 vel
1591 3151 1914 3216 Parrhasii
1945 3152 2012 3217 in
2042 3152 2484 3216 accessionem
2516 3152 2870 3217 vilissimae

567 3253 836 3318 tabulae
882 3255 1132 3320 cedere.
1223 3258 1400 3320 unde
1442 3257 1496 3319 si
1538 3278 1580 3319 a
1625 3256 1896 3320 domino
1945 3255 2213 3320 tabulae
2262 3255 2615 3338 imaginem
2661 3257 2870 3339 possi-

572 3357 772 3420 dente
822 3359 876 3421 is
925 3362 1038 3441 qui
1090 3360 1309 3442 pinxit
1369 3380 1516 3423 eam
1569 3370 1759 3442 petat
1812 3380 1933 3424 nec
1984 3359 2198 3423 solvat
2248 3362 2532 3442 pretium
2582 3360 2868 3438 tabulae,

567 3459 814 3540 poterit
863 3481 979 3542 per
1026 3464 1489 3545 exceptionem
1537 3463 1673 3526 doli
1724 3463 1880 3526 mali
1926 3463 2365 3527 summoveri:
2428 3471 2497 3526 at
2548 3462 2601 3527 si
2649 3464 2706 3527 is
2753 3464 2867 3546 qui

567 3561 788 3643 pinxit
817 3564 1172 3645 possideat,
1196 3585 1607 3647 consequens
1638 3574 1755 3645 est,
1788 3576 1863 3629 ut
1893 3567 2072 3631 utilis
2102 3567 2276 3631 actio
2300 3566 2569 3630 domino
2600 3567 2868 3632 tabulae

569 3664 886 3729 adversus
932 3686 1082 3731 eum
1125 3669 1333 3747 detur,
1379 3688 1512 3751 quo
1559 3688 1735 3748 casu,
1779 3670 1834 3732 si
1878 3690 2011 3733 non
2061 3670 2275 3734 solvat
2316 3672 2683 3753 impensam
2729 3671 2867 3753 pic-

566 3777 771 3847 turae,
803 3771 1047 3852 poterit
1076 3792 1196 3854 per
1225 3772 1691 3854 exceptionem
1724 3773 1857 3837 doli
1892 3773 2046 3836 mali
2080 3773 2325 3855 repelli,
2349 3776 2578 3856 utique
2608 3774 2661 3837 si
2692 3775 2868 3837 bona

569 3870 704 3935 fide
753 3894 1093 3955 possessor
1136 3877 1334 3940 fuerit
1375 3876 1486 3940 ille
1525 3878 1639 3960 qui
1688 3877 2014 3961 picturam
2067 3878 2402 3960 imposuit.
2484 3878 2643 3941 illud
2688 3878 2865 3941 enim

562 4088 682 4145 tion
719 4090 864 4144 from
897 4092 996 4147 the
1031 4092 1138 4147 soil
1174 4103 1234 4148 to
1269 4094 1368 4148 the
1403 4094 1613 4150 latter's
1647 4111 1853 4163 owner,
1878 4095 1976 4150 the
2012 4110 2216 4149 reason
2241 4095 2370 4164 why
2395 4096 2529 4164 they
2553 4112 2700 4150 were
2734 4096 2866 4151 thus

563 4175 782 4229 treated
809 4174 1127 4246 differently
1147 4177 1294 4231 from
1331 4178 1617 4232 materials
1642 4178 1785 4232 used
1818 4177 1904 4231 sor
1927 4176 2186 4247 building
2209 4176 2383 4248 being
2413 4179 2537 4233 that
2563 4180 2698 4247 they
2721 4196 2864 4233 were

559 4272 638 4313 no
675 4258 872 4327 longer
907 4260 1057 4314 what
1093 4262 1227 4329 they
1249 4260 1366 4314 had
1400 4260 1583 4317 been:
1624 4260 1789 4316 ‘nam
1819 4260 2087 4317 credibile
2124 4271 2211 4317 est
2235 4260 2349 4317 alio
2382 4272 2564 4316 terrae
2597 4260 2867 4317 alimento

561 4338 732 4395 aliam
758 4343 998 4396 sactam’
1025 4343 1157 4413 Dig.
1181 4358 1269 4410 41.
1303 4360 1346 4398 1.
1373 4345 1424 4399 6.
1451 4359 1496 4398 1.

633 4426 663 4493 §
691 4428 787 4481 34.
830 4426 1007 4481 Gaius
1035 4424 1114 4495 (ii.
1142 4426 1232 4495 78)
1258 4427 1512 4482 remarks
1537 4445 1611 4483 on
1638 4430 1736 4484 the
1760 4429 2306 4485 unreasonableness
2332 4428 2398 4483 of
2416 4427 2660 4498 treating
2682 4426 2865 4498 paint-

561 4505 687 4578 ings
713 4508 1031 4580 differently
1053 4508 1198 4564 from
1223 4509 1496 4581 writingS,
1519 4512 1635 4566 and
1660 4511 1718 4566 in
1747 4512 1879 4583 Dig.
1904 4513 1953 4569 6.
1988 4528 2033 4567 1.
2060 4527 2145 4583 23.
2171 4528 2203 4582 3
2228 4512 2450 4581 exactly
2474 4512 2571 4567 the
2606 4509 2864 4583 opposite
