3230 5116
390 443 497 493 Tit.
522 436 593 502 1.]
1069 433 1193 489 DE
1232 434 1539 490 RERUM
1574 434 2040 492 DIVISIONE.
2576 428 2699 514 189

388 604 777 686 occupantis
822 602 918 668 fit.
991 602 1358 668 naturalem
1404 611 1629 667 autem
1681 600 2059 667 libertatem
2109 602 2394 687 recipere
2441 603 2700 669 intelle-

390 708 590 791 gitur,
618 730 769 773 cum
791 709 897 775 vel
922 708 1149 774 oculos
1180 718 1331 773 tuos
1363 708 1664 791 effugerit
1689 706 1795 771 vel
1827 707 1921 772 ita
1952 709 2038 773 sit
2069 706 2134 771 in
2168 718 2526 791 conspectu
2560 718 2825 823 tro

394 823 471 876 ut
506 811 785 878 difficilis
817 816 901 879 sit
932 814 1071 877 eius
1101 812 1491 896 persecutio.
1570 810 1745 875 Illud
1781 812 2156 894 quaesitum
2189 821 2310 892 est,
2340 834 2446 887 an,
2476 813 2529 876 si
2560 813 2699 877 fera
2730 820 2800 875 13

392 915 611 981 bestia
648 917 741 982 ita
770 918 1119 982 vulnerata
1162 918 1264 995 sit,
1296 924 1371 980 ut
1411 915 1557 998 capi
1589 916 1818 997 possit,
1850 916 2076 980 statim
2121 924 2238 980 tua
2269 937 2415 980 esse
2447 915 2701 980 intelle-

392 1028 610 1101 gatur.
670 1022 1070 1103 quibusdam
1114 1020 1365 1104 placuit
1402 1020 1631 1084 statim
1668 1027 1853 1082 tuam
1886 1041 2031 1084 esse
2063 1029 2130 1084 et
2163 1041 2244 1083 eo
2273 1040 2484 1103 usque
2516 1029 2700 1083 tuam

392 1123 621 1204 videri,
674 1126 885 1190 donec
942 1145 1089 1190 eam
1141 1125 1575 1208 persequaris,
1607 1122 1846 1206 quodsi
1899 1123 2172 1188 desieris
2213 1124 2540 1207 persequi,
2584 1124 2700 1187 de-

395 1229 611 1293 sinere
663 1241 848 1294 tuam
902 1252 1047 1295 esse
1101 1240 1169 1294 et
1221 1250 1443 1294 rursus
1496 1228 1636 1292 fieri
1686 1230 2093 1311 occupantis.
2167 1229 2280 1292 alii
2336 1249 2469 1293 non
2513 1227 2705 1293 aliter

394 1342 796 1417 putaverunt
826 1344 1012 1399 tuam
1054 1356 1215 1413 esse,
1246 1354 1449 1417 quam
1496 1334 1550 1398 si
1596 1332 1866 1415 ceperis.
1929 1332 2046 1397 sed
2079 1334 2510 1415 posteriorem
2555 1353 2705 1397 sen-

395 1439 677 1502 tentiam
725 1460 847 1504 nos
891 1439 1377 1517 confirmamuS,
1408 1438 1565 1521 quia
1604 1436 1817 1500 multa
1845 1437 2141 1501 accidere
2171 1436 2407 1515 solent,
2437 1447 2512 1501 ut
2553 1457 2701 1501 eam

398 1562 534 1605 non
580 1543 821 1625 capias.
908 1544 1165 1627 Apium
1212 1564 1476 1626 quoque
1508 1550 1744 1606 natura
1785 1540 1924 1606 fera
1961 1552 2082 1606 est.
2145 1541 2372 1624 itaque
2419 1562 2590 1624 quae
2636 1541 2703 1604 in
2733 1544 2803 1598 14

398 1646 631 1709 arbore
662 1656 777 1711 tua
809 1647 1238 1721 consederint,
1277 1659 1639 1729 antequam
1683 1666 1724 1709 a
1768 1654 1838 1709 te
1881 1645 2071 1710 alveo
2102 1646 2536 1724 includantur,
2570 1664 2704 1709 non

402 1752 617 1833 magis
668 1759 825 1815 tuae
877 1771 1020 1815 esse
1071 1748 1563 1835 intelleguntur,
1619 1770 1821 1832 quam
1871 1748 2191 1828 volucres,
2243 1769 2416 1833 quae
2469 1750 2534 1812 in
2587 1758 2704 1814 tua

398 1854 634 1918 arbore
657 1856 885 1919 nidum
909 1856 1222 1921 fecerint:
1268 1856 1552 1938 ideoque
1581 1853 1636 1918 si
1667 1853 1835 1918 alius
1867 1873 1978 1918 eas
2008 1853 2363 1931 incluserit,
2393 1854 2448 1917 is
2480 1872 2704 1917 earum

399 1958 709 2023 dominus
741 1961 882 2024 erit.
943 1960 1129 2025 favos
1158 1981 1426 2043 quoque
1469 1960 1523 2022 si
1565 1980 1736 2041 quos
1775 1958 1903 2021 hae
1933 1958 2222 2051 fecerint,
2253 1957 2535 2039 quilibet
2565 1958 2706 2020 exi-

400 2082 582 2127 mere
626 2073 867 2146 potest.
930 2064 1127 2147 plane
1171 2065 1428 2146 integra
1474 2084 1543 2127 re
1596 2063 1650 2127 si
1697 2062 2059 2145 provideris
2112 2062 2588 2144 ingredientem
2641 2061 2706 2123 in

402 2164 685 2230 fundum
715 2177 927 2244 tuum,
958 2179 1149 2252 potes
1182 2188 1335 2232 eum
1372 2168 1511 2231 iure
1541 2165 1892 2250 prohibere
1937 2185 2019 2228 ne
2063 2166 2484 2248 ingrediatur.
2548 2184 2707 2227 exa-

401 2290 575 2345 men,
601 2272 780 2353 quod
814 2294 901 2335 ex
932 2272 1121 2336 alveo
1152 2281 1270 2336 tuo
1302 2271 1674 2345 evolaverit,
1700 2290 1780 2334 eo
1811 2290 2023 2351 usque
2053 2278 2241 2332 tuum
2275 2290 2419 2334 esse
2449 2267 2707 2332 intelle-

402 2373 600 2457 gitur,
632 2376 843 2440 donec
889 2377 954 2438 in
999 2386 1355 2458 conspectu
1395 2385 1512 2439 tuo
1554 2358 1656 2438 est
1698 2394 1818 2437 nec
1856 2372 2138 2438 difficilis
2171 2373 2310 2436 eius
2339 2372 2739 2455 persecuti0,
2772 2429 2780 2435 .
2819 2368 2901 2433 [ὅ
2927 2412 2934 2423 -

401 2486 543 2541 est:
588 2477 879 2562 alioquin
908 2480 1309 2563 'occupantis
1355 2481 1449 2543 fit.
1550 2478 1892 2543 Pavonum
1943 2486 2012 2541 et
2065 2477 2517 2541 columbarum
2599 2498 2710 2542 era
2738 2488 2806 2543 15

404 2590 565 2646 natu
662 2591 781 2648 est.
840 2605 963 2667 nec
992 2585 1079 2650 ad
1112 2606 1250 2648 rem
1283 2585 1451 2668 pert'
1504 2593 1588 2661 et,
1609 2584 1791 2666 quod
1825 2603 1913 2646 ex
1945 2583 2423 2647 consuetudine
2447 2605 2487 2647 a
2529 2603 2571 2646 o
2641 2603 2711 2646 re

403 2695 473 2750 et
504 2707 573 2750 re
681 2710 722 2752 a
825 2680 1076 2752 solent:
1120 2709 1277 2752 nam
1427 2604 1591 2753 &s
1624 2687 1802 2751 idem
1840 2685 2109 2766 faciunt,
2139 2707 2419 2770 quarum
2450 2696 2712 2778 constat

403 2788 610 2853 feram
664 2811 811 2855 esse
859 2801 1207 2856 naturam:
1270 2698 1517 2856 cM
1548 2811 1814 2874 quoque
1858 2792 1954 2855 ita
2001 2792 2276 2873 quidam
2326 2753 2710 2854 mafissiie'tos

406 2893 677 2970 habent,
708 2904 783 2960 ut
826 2895 890 2958 in
930 2895 1129 2961 silvas
1171 2897 1262 2960 ire
1304 2904 1371 2960 et
1414 2896 1624 2959 redire
1667 2895 1944 2973 soleant,
1975 2915 2257 2977 quorum
2305 2904 2374 2958 et
2417 2895 2710 2977 ipsorum

404 2995 612 3061 feram
667 3019 812 3063 esse
864 3009 1169 3063 naturam
1225 3020 1420 3063 nemo
1472 3008 1695 3082 negat.
1757 2999 1824 3062 in
1873 2999 1978 3062 his
2013 3007 2240 3063 autern
2293 2997 2712 3071 animalibus„

406 3234 719 3306 occupatiO,
757 3237 854 3291 the
896 3236 1193 3308 advisedly
1227 3236 1427 3307 taking
1464 3234 1793 3308 possession
1831 3235 1899 3289 of
1933 3252 2006 3290 an
2045 3234 2233 3304 object
2271 3233 2456 3289 which
2492 3235 2599 3289 has
2637 3251 2713 3289 no

406 3335 596 3373 owner
620 3319 732 3386 (res
757 3319 985 3388 nullius)
1013 3321 1145 3388 with
1172 3321 1269 3376 the
1295 3320 1573 3376 intention
1606 3320 1675 3375 of
1691 3318 2120 3390 appropriating
2144 3318 2203 3373 it.
2278 3319 2403 3374 The
2427 3317 2716 3388 following

404 3400 573 3457 kinds
598 3402 664 3456 of
681 3419 771 3457 res
808 3402 1013 3458 nullius
1046 3420 1143 3459 are
1177 3403 1505 3460 mentioned
1540 3403 1599 3457 in
1635 3404 1734 3458 the
1770 3412 1921 3457 text:
1960 3401 2088 3456 wild
2115 3401 2374 3470 animals,
2398 3400 2572 3470 birds,
2599 3401 2715 3456 and

406 3485 595 3554 fishes‚
624 3482 687 3556 §§
722 3487 929 3541 12-16:
968 3486 1234 3542 enemies'
1266 3497 1549 3558 property,
1579 3485 1607 3556 ξ
1646 3500 1744 3554 17:
1785 3496 1978 3541 stones
2004 3487 2118 3541 and
2156 3485 2392 3557 pebbles
2426 3485 2601 3540 found
2640 3501 2714 3540 on

406 3569 503 3624 the
528 3570 815 3638 seashore,
841 3572 871 3637 §
906 3572 968 3625 18
994 3590 1005 3625 :
1045 3570 1260 3625 islands
1285 3571 1463 3640 rising
1488 3571 1546 3624 in
1580 3571 1679 3626 the
1718 3587 1834 3639 sea,
1863 3568 1891 3641 §
1922 3585 1988 3624 22
2017 3589 2028 3624 :
2065 3580 2519 3640 treasure-trove,
2551 3569 2579 3641 ξ
2608 3584 2714 3639 39:

407 3651 523 3706 and
564 3669 656 3708 res
696 3653 1017 3723 derelictae,
1046 3652 1074 3725 §
1103 3667 1187 3722 47.
1264 3655 1390 3710 The
1431 3656 1688 3709 Romans
1733 3654 1846 3708 had
1891 3671 1968 3708 no
2016 3671 2184 3723 game
2226 3654 2380 3723 law5‚
2424 3655 2606 3709 which
2657 3653 2715 3708 in

406 3735 675 3805 England
714 3754 864 3806 grew
908 3747 1005 3793 out
1043 3738 1110 3792 of
1141 3737 1443 3793 feudalism
1487 3737 1601 3792 and
1647 3737 1743 3791 the
1782 3747 1943 3806 great
1984 3736 2188 3792 forests
2226 3738 2292 3792 of
2319 3738 2416 3792 the
2456 3739 2716 3793 Norman

404 3817 571 3888 kings
616 3820 731 3874 and
774 3819 1028 3890 nobility.
1104 3821 1278 3876 Some
1318 3819 1530 3876 writers
1568 3820 1717 3875 have
1760 3818 2111 3876 maintained
2151 3821 2248 3876 the
2291 3829 2571 3890 contrary,
2615 3821 2716 3876 but

408 3902 543 3971 Dig.
566 3916 655 3970 47.
686 3919 765 3959 10.
801 3919 879 3972 13.
906 3917 937 3971 7
965 3904 1013 3958 is
1038 3903 1264 3975 explicit
1289 3915 1349 3959 to
1374 3905 1471 3959 the
1508 3903 1674 3959 effect
1699 3905 1823 3958 that
1849 3904 1947 3958 the
1981 3903 2309 3959 landowner
2340 3921 2448 3959 can
2481 3915 2718 3975 prevent

406 3986 599 4040 others
636 3985 803 4055 (even
836 3987 917 4056 by
952 3988 1123 4055 force,
1164 3987 1280 4042 Cle.
1318 4004 1423 4057 pro
1462 3989 1627 4042 Caec.
1657 3987 1707 4056 8,
1748 3986 1880 4055 Dig.
1901 4001 1987 4054 43.
2021 3987 2101 4041 16.
2129 4000 2176 4055 3.
2206 3986 2262 4056 9)
2301 3987 2447 4041 from
2486 3987 2716 4057 coming

408 4085 483 4123 on
526 4069 616 4124 his
658 4070 812 4137 land,
849 4070 950 4125 but
987 4081 1087 4126 not
1120 4071 1266 4125 from
1304 4069 1619 4140 exercising
1654 4069 1953 4141 occupatio
1989 4071 2152 4125 when
2191 4071 2364 4126 there.
2444 4072 2497 4125 It
2533 4071 2718 4126 would

408 4169 565 4208 seem
603 4154 749 4208 from
786 4155 883 4209 the
920 4163 1037 4208 text
1073 4155 1197 4209 that
1234 4171 1463 4225 express
1500 4154 1690 4209 notice
1730 4163 1830 4209 not
1874 4164 1934 4209 to
1971 4164 2132 4209 enter
2163 4171 2280 4208 was
2318 4171 2622 4224 necessary
2658 4165 2718 4209 to

409 4237 714 4293 constitute
740 4254 775 4292 a
799 4249 1050 4308 trespass
1077 4238 1134 4292 in
1160 4255 1329 4307 every
1354 4255 1503 4293 case.

482 4323 627 4388 §la
667 4322 791 4375 The
830 4321 970 4376 view
1008 4321 1144 4375 here
1181 4321 1491 4376 confirmed
1524 4321 1602 4391 by
1625 4320 1907 4390 Justinian
1933 4339 2049 4376 was
2086 4323 2210 4377 that
2247 4331 2395 4376 most
2432 4319 2720 4389 generally

410 4404 563 4472 held,
592 4404 721 4474 Dig.
749 4419 837 4471 41.
872 4419 913 4459 1.
946 4417 990 4475 5.
1026 4423 1047 4458 1
1077 4423 1089 4459 :
1130 4406 1225 4460 the
1256 4407 1419 4461 other
1442 4423 1557 4460 was
1594 4407 1718 4460 that
1755 4406 1819 4459 of
1837 4405 2156 4475 TrebatiuS,
2183 4407 2372 4460 whose
2406 4403 2636 4474 opinion
2670 4403 2719 4458 is

412 4487 609 4556 highly
632 4487 850 4558 spoken
878 4488 944 4542 of
960 4487 1019 4542 in
1043 4490 1273 4558 general
1298 4487 1356 4542 in
1382 4488 1493 4543 Tit.
1523 4500 1587 4557 25
1614 4505 1698 4558 pr.
1725 4488 1822 4543 inf.

484 4571 637 4638 §1⁶.
671 4570 931 4626 Animals
966 4571 1099 4626 wild
1135 4572 1212 4641 by
1248 4581 1463 4642 nature,
1502 4572 1603 4628 but
1642 4570 1824 4627 which
1869 4573 1984 4626 had
2022 4573 2170 4628 been
2211 4571 2473 4642 partially
2507 4570 2720 4638 tamed,
