3230 5116
372 445 476 494 Tit.
503 438 574 506 7.]
842 436 965 490 DE
1006 435 1582 492 SUCCESSJONE
1622 437 2192 496 LIBERTORUM.
2538 430 2661 518 361

369 601 437 664 in
478 621 707 666 eorum
750 601 1254 678 successionem,
1299 601 1355 664 si
1399 609 1627 668 tamen
1672 611 2147 669 testamentum
2188 603 2479 669 fecerint.
2567 605 2667 670 sin

367 714 596 771 autem
642 706 936 770 intestati
981 707 1384 772 decesserint
1429 706 1612 772 nullo
1657 706 2012 772 liberorum
2059 707 2303 786 relicto,
2348 719 2505 774 tunc
2546 731 2665 793 pa-

367 818 669 874 tronatus
700 810 818 889 ius,
851 811 1030 892 quod
1062 818 1205 874 erat
1235 832 1324 875 ex
1355 810 1502 894 lege
1531 811 1885 876 duodecim
1916 812 2307 892 tabularum,
2336 813 2667 895 integrum

366 915 744 980 reservavit.
834 935 985 980 cum
1014 936 1172 980 vero
1212 915 1494 980 maiores
1535 917 1928 982 centenariis
1974 918 2123 996 sint,
2154 918 2213 986 si
2255 916 2533 980 heredes
2560 915 2669 980 vel

365 1019 694 1086 bonorum
739 1039 1150 1102 possessores
1195 1020 1436 1086 liberos
1483 1021 1775 1086 habeant
1819 1022 1959 1087 sive
2006 1042 2213 1085 unum
2266 1021 2403 1086 sive
2449 1020 2669 1104 plures

365 1124 838 1207 cuiuscumque
866 1145 1070 1190 sexus
1100 1125 1202 1190 vel
1231 1127 1496 1208 gradus,
1523 1127 1611 1190 ad
1646 1147 1759 1190 eos
1796 1127 2277 1191 successionem
2318 1134 2669 1210 parentum

367 1229 788 1304 deduximus,
823 1229 1130 1296 omnibus
1165 1231 1460 1311 patronis
1503 1249 1635 1294 una
1674 1251 1827 1296 cum
1868 1252 1987 1296 sua
2030 1231 2345 1314 progenie
2373 1230 2667 1293 semotis.

366 1333 470 1396 sin
528 1341 751 1397 autem
811 1333 955 1398 sine
1013 1332 1234 1398 liberis
1293 1333 1714 1412 decesserint,
1767 1335 1823 1398 si
1882 1334 2148 1416 quidem
2212 1334 2521 1411 intestati,
2579 1333 2667 1396 ad

366 1455 636 1499 omnem
669 1435 1108 1504 hereditatem
1140 1447 1455 1520 patronos
1490 1448 1932 1522 patronasque
1966 1439 2383 1503 vocavimus:
2429 1437 2483 1501 si
2511 1457 2671 1500 vero

365 1549 844 1606 testamentum
895 1541 1169 1624 quidem
1215 1541 1505 1619 fecerint,
1557 1553 1875 1626 patronos
1925 1552 2153 1608 autem
2198 1540 2305 1608 vel
2355 1551 2669 1624 patronas

365 1646 838 1726 praeterierint,
892 1666 1046 1712 cum
1099 1645 1314 1712 nullos
1361 1646 1606 1712 liberos
1658 1647 1981 1712 haberent
2026 1646 2129 1711 vel
2182 1645 2505 1710 habentes
2556 1665 2671 1710 eos

367 1747 935 1828 exheredaverint,
964 1750 1068 1814 vel
1102 1759 1318 1815 mater
1345 1751 1486 1816 sive
1513 1773 1677 1816 avus
1716 1759 2053 1815 maternus
2089 1771 2203 1813 eos
2244 1748 2669 1832 praeterierit,

365 1853 460 1916 ita
491 1861 566 1916 ut
595 1873 728 1916 non
756 1856 1016 1937 possint
1038 1855 1222 1937 argui
1255 1855 1619 1921 inofficiosa
1644 1875 1871 1920 eorum
1902 1863 2345 1919 testamenta:
2394 1862 2551 1917 tunc
2580 1871 2669 1916 ex

367 1964 592 2020 nostra
622 1957 1099 2022 constitutione
1127 1978 1248 2040 per
1278 1959 1604 2024 bonorum
1636 1959 2118 2041 possessionem
2150 1966 2378 2021 contra
2408 1954 2671 2020 tabulas

365 2079 498 2124 non
552 2061 917 2137 dimidiam,
967 2072 1041 2126 ut
1094 2071 1267 2139 ante,
1297 2063 1414 2128 sed
1461 2063 1727 2127 tertiam
1779 2070 2037 2146 partem
2082 2062 2405 2124 bonorum
2451 2058 2671 2121 liberti

365 2174 872 2246 consequantur,
931 2163 1038 2230 vel
1099 2167 1278 2248 quod
1339 2167 1531 2232 deest
1593 2167 1689 2232 eis
1759 2187 1849 2230 ex
1920 2165 2389 2230 constitutione
2448 2170 2671 2226 nostra

365 2267 711 2352 repleatur,
775 2268 828 2336 si
884 2269 1156 2351 quando
1217 2270 1436 2336 minus
1497 2270 1695 2336 tertia
1753 2279 1944 2355 parte
2014 2269 2340 2333 bonorum
2401 2284 2669 2331 suorum

364 2370 642 2436 libertus
700 2372 806 2436 vel
866 2372 1102 2438 liberta
1171 2373 1265 2440 eis
1325 2373 1722 2458 reliquerint,
1780 2375 1874 2439 ita
1934 2373 2075 2440 sine
2140 2391 2355 2450 onere,
2416 2379 2491 2434 ut
2549 2389 2671 2434 nec

366 2474 588 2540 liberis
633 2475 852 2540 liberti
891 2476 1250 2543 libertaeve
1287 2499 1376 2542 ex
1418 2499 1497 2542 ea
1531 2489 1725 2563 parte
1764 2477 1985 2563 legata
2014 2475 2119 2541 vel
2155 2475 2671 2540 fideicommissa

364 2591 802 2662 praestentur,
849 2583 966 2650 sed
1019 2584 1106 2647 ad
1157 2583 1514 2649 coheredes
1557 2582 1686 2647 hoc
1737 2604 1904 2647 onus
1953 2581 2390 2647 redundaret:
2445 2578 2671 2642 multis

366 2684 514 2749 aliis
564 2685 826 2750 casibus
877 2706 918 2748 a
973 2686 1164 2751 nobis
1226 2687 1292 2749 in
1344 2686 1646 2768 praefata
1703 2686 2173 2751 constitutione
2232 2682 2667 2766 congregatis,

366 2809 534 2871 quos
583 2790 986 2855 necessarios
1031 2810 1173 2853 esse
1218 2791 1303 2854 ad
1349 2789 1730 2855 huiusmodi
1776 2792 1931 2854 iuris
1976 2788 2476 2872 dispositionem
2524 2805 2669 2869 per-

367 2893 749 2975 speximus:
811 2904 886 2959 ut
939 2902 1080 2957 tam
1128 2894 1389 2976 patroni
1449 2902 1901 2976 patronaeque
1952 2914 2153 2975 quam
2204 2890 2390 2955 liberi
2443 2909 2671 2953 eorum

367 3015 490 3061 nec
535 3017 667 3061 non
707 2998 820 3080 qui
867 3018 956 3061 ex
999 3007 1376 3062 transverso
1421 2996 1629 3061 latere
1667 2996 1937 3060 veniunt
1982 3017 2191 3078 usque
2233 2996 2319 3058 ad
2364 2995 2670 3077 quintum

366 3100 648 3185 gradum
708 3102 795 3166 ad
853 3102 1336 3166 successionem
1391 3102 1779 3165 libertorum
1836 3108 2170 3177 vocentur,
2224 3098 2393 3161 sicut
2446 3118 2533 3161 ex
2593 3116 2673 3160 ea

367 3206 838 3271 constitutione
890 3206 1410 3291 intellegendum
1465 3212 1604 3269 est:
1667 3214 1743 3269 ut
1795 3204 1849 3267 si
1904 3204 2203 3269 eiusdem
2253 3202 2518 3285 patroni
2568 3199 2672 3264 vel

366 3318 684 3392 patronae
751 3309 856 3373 vel
934 3310 1217 3375 duorum
1287 3310 1568 3377 duarum
1640 3308 2011 3392 pluriumve
2090 3305 2220 3371 sint
2290 3305 2494 3383 liberi,
2560 3303 2673 3386 qui

365 3414 738 3496 proximior
787 3422 905 3491 est,
960 3414 1046 3476 ad
1102 3413 1319 3476 liberti
1375 3434 1488 3476 seu
1543 3412 1821 3476 libertae
1871 3419 2143 3474 vocetur
2194 3409 2673 3474 successionem

367 3526 435 3580 et
482 3518 546 3579 in
587 3518 823 3599 capita,
865 3537 997 3580 non
1035 3518 1102 3579 in
1149 3517 1384 3600 stirpes
1425 3516 1758 3580 dividatur
1797 3514 2145 3591 successio,
2188 3514 2427 3576 eodem
2471 3511 2674 3575 modo

368 3632 436 3685 et
485 3622 551 3684 in
595 3620 699 3685 his
744 3620 856 3703 qui
903 3643 992 3687 ex
1037 3630 1409 3686 transverso
1452 3620 1657 3684 latere
1703 3620 1979 3683 veniunt
2026 3617 2370 3683 servando,
2464 3636 2675 3698 paene

370 3726 548 3789 enim
579 3726 1010 3791 consonantia
1051 3727 1192 3789 iura
1233 3725 1659 3809 ingenuitatis
1703 3733 1771 3788 et
1810 3722 2259 3788 libertinitatis
2305 3721 2373 3785 in
2414 3740 2673 3785 succes-

368 3980 442 4037 all
479 3980 742 4051 previous
765 3980 1126 4055 distinctions
1149 3980 1216 4035 of
1245 3998 1344 4037 sex
1365 3981 1623 4037 between
1660 3978 1893 4035 libertus
1930 3978 2049 4035 and
2078 3977 2296 4045 liberta,
2322 3986 2525 4046 patron
2553 3974 2675 4031 and

367 4075 663 4135 patroness
699 4081 765 4119 or
799 4064 948 4119 their
983 4064 1256 4129 children,
1295 4064 1410 4121 and
1447 4063 1741 4134 regulated
1774 4065 1871 4119 the
1920 4060 2247 4118 succession
2286 4070 2345 4117 to
2384 4058 2675 4115 freedrnen

367 4148 482 4203 and
505 4148 885 4203 freedwomen
911 4164 976 4203 as
1001 4147 1216 4202 follows
1239 4165 1252 4203 z

439 4232 519 4300 (1)
555 4233 638 4286 As
656 4230 891 4300 regards
909 4232 1006 4285 the
1024 4246 1213 4299 power
1230 4229 1298 4284 os
1313 4227 1598 4299 testation,
1620 4246 1656 4283 a
1672 4228 1905 4285 libertus
1924 4244 1989 4282 or
2007 4226 2209 4285 liberta
2228 4227 2353 4281 who
2372 4222 2677 4295 possessed

367 4318 480 4371 less
499 4316 638 4371 than
665 4330 766 4369 100
782 4313 938 4370 aurei
961 4314 1144 4383 might
1163 4314 1338 4382 sreely
1354 4312 1584 4383 dispose
1601 4313 1669 4367 os
1684 4312 1725 4368 it
1743 4313 1820 4381 by
1837 4311 1963 4379 will,
1984 4310 2216 4366 without
2234 4326 2345 4378 any
2364 4306 2675 4375 obligation

366 4409 426 4454 to
450 4399 579 4467 give
604 4399 702 4454 the
726 4408 930 4468 patron
954 4416 1018 4453 or
1043 4407 1338 4467 patroness
1364 4396 1640 4466 anything
1664 4396 1847 4451 either
1867 4412 1931 4449 as
1958 4394 2079 4449 heir
2104 4411 2167 4449 or
2190 4393 2427 4463 legatee.
2504 4390 2562 4443 If
2580 4389 2677 4445 the

366 4492 634 4551 property
657 4481 967 4537 amounted
1003 4491 1064 4537 to
1095 4496 1195 4535 100
1227 4480 1383 4536 aurei
1422 4496 1487 4535 or
1523 4479 1784 4550 upwards
1822 4480 1957 4548 they
1990 4477 2171 4547 might
2199 4475 2367 4531 make
2391 4473 2540 4528 what
2566 4469 2677 4525 will

367 4564 502 4636 they
525 4565 762 4635 pleased
785 4566 918 4636 only
943 4564 994 4619 if
1019 4565 1154 4637 they
1180 4563 1474 4620 instituted
1509 4562 1655 4621 their
1690 4563 1843 4620 issue
1866 4581 1884 4631 3
1920 4561 1971 4617 is
1996 4560 2155 4618 there
2180 4576 2294 4615 was
2320 4574 2395 4613 no
2421 4556 2589 4624 issue,
2615 4569 2680 4609 or
