3230 5116
527 312 657 375 402
924 298 1625 357 JNSTJTUTJONUM
1657 296 1897 353 LIBRI
1933 296 2098 370 QUA
2112 297 2401 356 TTUOR.
2573 298 2704 363 [ub.
2735 301 2830 349 ιω

466 479 502 537 6
534 469 767 533 eadem
814 466 1039 533 omnia
1083 466 1310 549 repeti,
1343 486 1515 548 quae
1560 463 1907 548 stipulator
1951 464 2370 547 expresserit.
2477 460 2650 527 Item
2683 462 2827 525 inu-

532 572 669 636 tilis
714 581 816 637 est
860 571 1220 654 stipulatio,
1267 571 1320 633 si
1366 570 1451 633 ab
1497 590 1578 634 eo
1619 569 1966 651 stipuleriS,
2009 569 2122 651 qui
2164 568 2286 631 iuri
2330 577 2450 631 tuo
2493 566 2827 631 subiectus

532 686 651 755 est,
694 676 801 740 vel
847 676 902 739 si
949 676 1002 738 is
1048 696 1087 740 a
1132 684 1202 739 te
1245 674 1613 758 stipuletur.
1688 672 1804 737 sed
1851 692 2074 737 servus
2118 672 2388 755 quidem
2433 690 2565 734 non
2611 670 2825 734 solum

532 781 806 844 domino
837 801 956 843 suo
998 778 1275 861 obligari
1320 798 1451 841 non
1496 785 1738 860 potest,
1771 778 1890 841 sed
1933 798 2018 840 ne
2061 777 2171 839 alii
2207 766 2479 858 quidem
2508 773 2663 837 ulli:
2708 772 2828 835 filii

472 886 506 942 7
532 904 687 947 vero
731 882 1013 947 familias
1053 882 1199 945 aliis
1244 881 1523 965 obligari
1565 891 1859 963 possunt.
1951 880 2216 944 Mutum
2265 899 2481 961 neque
2525 874 2826 960 stipulari

533 1008 750 1070 neque
781 986 1166 1070 promittere
1195 1005 1391 1068 posse
1421 984 1646 1069 palam
1669 994 1788 1049 est.
1851 985 2030 1067 quod
2063 993 2132 1048 et
2161 984 2227 1046 in
2258 984 2458 1045 surdo
2490 989 2828 1062 receptum

533 1099 673 1156 est:
720 1091 875 1174 quia
929 1099 998 1154 et
1058 1090 1112 1153 is
1163 1089 1275 1172 qui
1328 1089 1680 1172 stipulatur
1727 1089 1930 1154 verba
1979 1087 2427 1171 promittentis
2480 1094 2548 1149 et
2601 1086 2657 1148 is
2716 1082 2830 1167 qui

532 1194 863 1276 promittit
902 1195 1107 1258 verba
1152 1192 1525 1275 stipulantis
1568 1193 1798 1257 audire
1843 1193 2062 1257 debet.
2153 1193 2330 1256 unde
2369 1198 2649 1273 apparet
2688 1208 2824 1251 non

534 1298 620 1360 de
652 1318 731 1361 eo
762 1318 884 1360 nos
913 1296 1096 1379 loqui
1128 1296 1239 1379 qui
1270 1297 1523 1359 tardius
1556 1297 1852 1371 exaudit,
1885 1297 2000 1360 sed
2026 1297 2112 1361 de
2143 1317 2223 1360 eo
2253 1294 2365 1378 qui
2396 1294 2666 1358 omnino
2697 1311 2830 1355 non

472 1404 509 1461 8
537 1400 829 1465 exaudit.
920 1399 1232 1463 Furiosus
1279 1398 1530 1464 nullum
1574 1401 1913 1482 negotium
1957 1418 2184 1482 gerere
2227 1405 2466 1481 potest,
2496 1396 2652 1479 quia
2697 1414 2830 1457 non

536 1663 633 1732 ita,
674 1664 949 1720 Kalendis
988 1663 1265 1719 Ianuariis
1304 1665 1395 1720 vel
1427 1662 1749 1718 Februariis
1789 1661 1909 1717 dari
1949 1661 2216 1732 spondeS,
2259 1660 2495 1731 perinde
2531 1668 2618 1715 est
2668 1658 2830 1730 quasi

539 1747 817 1803 Kalendis
843 1746 1164 1803 Februariis
1191 1746 1488 1818 stipulatus
1515 1746 1625 1801 sim
1645 1747 1660 1769 ⁹
1689 1746 1822 1815 Dig.
1847 1757 1931 1815 45.
1967 1760 2010 1799 1.
2043 1760 2120 1800 12.

608 1833 637 1899 §
666 1836 721 1887 6.
764 1831 941 1886 Gaius
966 1848 1097 1901 says
1127 1830 1223 1901 (iii.
1257 1831 1377 1899 104)
1404 1832 1527 1885 that
1552 1847 1589 1886 a
1612 1846 1819 1901 person
1853 1828 1909 1885 in
1947 1827 2233 1899 mancipio
2269 1828 2589 1883 resembled
2612 1846 2649 1883 a
2674 1828 2832 1883 slave

535 1914 593 1971 in
619 1914 791 1985 being
814 1916 1023 1971 unable
1049 1925 1107 1969 to
1133 1915 1293 1969 incur
1316 1932 1387 1969 an
1415 1913 1726 1983 obligation
1753 1923 1812 1967 to
1837 1930 1950 1983 any
1974 1930 2100 1968 one.
2173 1914 2265 1965 All
2298 1914 2422 1967 that
2455 1911 2504 1965 is
2531 1922 2724 1967 meant
2754 1911 2834 1981 by

534 2001 632 2055 the
657 2009 773 2054 text
799 1998 847 2053 is
873 2000 995 2054 that
1021 1999 1275 2054 between
1303 1996 1580 2052 domestic
1606 1995 1860 2067 superior
1883 1996 1998 2050 and
2029 1995 2256 2050 inferior
2279 1995 2438 2050 there
2463 1996 2631 2049 could
2655 1994 2728 2050 be
2753 2010 2832 2049 no

535 2082 715 2140 civilis
741 2082 1012 2151 obligatio
1035 2102 1050 2148 ;
1086 2082 1187 2137 but
1214 2081 1262 2135 if
1278 2099 1315 2135 a
1338 2090 1499 2151 pater
1523 2079 1829 2150 stipulated
1853 2080 1997 2133 from
2028 2077 2118 2134 his
2151 2096 2273 2147 son,
2301 2095 2366 2132 or
2390 2096 2425 2132 a
2449 2088 2661 2133 master
2684 2079 2834 2133 from

533 2166 624 2220 his
651 2167 822 2233 slave,
845 2165 941 2219 the
961 2182 1066 2219 son
1086 2182 1149 2219 or
1169 2166 1323 2219 slave
1344 2180 1457 2217 was
1476 2164 1671 2218 bound
1691 2163 1706 2191 ‘
1721 2164 2000 2231 naturally
2017 2164 2052 2228 ;'
2090 2162 2106 2191 ‘
2121 2172 2280 2232 patre
2299 2179 2334 2216 a
2353 2161 2467 2217 filio
2487 2163 2574 2217 vel
2594 2161 2834 2217 domino

534 2264 573 2303 a
597 2264 761 2302 servo
788 2247 1055 2317 stipulato
1082 2246 1378 2301 fideiussor
1402 2257 1670 2317 acceptus
1695 2247 1944 2303 tenetur’
1969 2245 2102 2317 Dig.
2121 2246 2208 2312 46.
2236 2261 2277 2301 1.
2304 2246 2383 2315 56.
2411 2262 2432 2300 1
2463 2264 2478 2312 ;
2515 2246 2586 2300 cs.
2613 2245 2726 2299 Tit.
2745 2261 2838 2300 20.

541 2344 565 2385 1
596 2330 689 2383 inf.
709 2351 727 2393 ς
766 2329 823 2383 in
850 2331 947 2384 the
973 2345 1245 2383 converse
1270 2344 1402 2383 case
1428 2328 1471 2383 it
1496 2345 1682 2384 seems
1708 2329 1852 2384 from
1882 2328 2013 2399 Dig.
2038 2330 2146 2383 loc.
2162 2328 2252 2383 cit.
2271 2330 2394 2383 that
2419 2345 2495 2382 no
2519 2328 2835 2398 obligation

536 2412 602 2466 of
618 2428 731 2481 any
754 2420 872 2465 sort
898 2409 1159 2466 resulted.
1239 2412 1537 2466 Contracts
1570 2412 1742 2467 made
1770 2414 1848 2483 by
1872 2431 1909 2468 a
1933 2412 2321 2467 filiusfamilias
2359 2412 2491 2467 with
2518 2413 2681 2487 other
2703 2430 2832 2483 per-

495 2488 503 2497 ’
536 2510 671 2549 sons
708 2494 847 2549 than
884 2494 973 2549 his
1011 2505 1173 2566 pater
1206 2494 1402 2549 bound
1438 2495 1557 2549 him
1595 2495 1833 2553 civiliter
1864 2497 2090 2566 alway8‚
2125 2496 2215 2552 ‘et
2255 2496 2328 2552 ob
2363 2496 2422 2551 id
2459 2496 2550 2566 agi
2589 2512 2721 2551 cum
2757 2513 2836 2553 eo

538 2586 812 2650 tanquam
861 2596 991 2634 cum
1040 2577 1444 2649 patrefamilias
1493 2583 1712 2650 potest'
1763 2582 1894 2651 Dig.
1934 2596 2022 2648 44.
2064 2596 2112 2649 7.
2147 2596 2254 2650 393
2303 2580 2401 2635 but
2441 2598 2478 2636 a
2520 2582 2674 2636 slave
2715 2599 2836 2637 was

533 2661 731 2717 bound
756 2663 889 2732 only
912 2662 1240 2717 naturaliter
1265 2663 1341 2732 by
1367 2674 1650 2718 contracts
1676 2682 1818 2719 even
1845 2665 1977 2720 with
2004 2664 2270 2734 extranei,
2297 2665 2411 2720 and
2437 2666 2534 2720 the
2559 2663 2834 2734 obligatio

537 2745 798 2801 incurred
833 2746 909 2815 by
934 2762 1007 2802 an
1042 2754 1340 2800 extraneus
1375 2763 1488 2800 was
1526 2749 1648 2802 also
1681 2747 1952 2803 naturalis
1988 2749 2138 2818 only,
2163 2765 2229 2803 so
2265 2750 2389 2804 that
2425 2749 2521 2803 the
2557 2747 2836 2804 dominus

536 2829 705 2884 could
738 2838 837 2884 not
874 2845 975 2883 sue
1007 2845 1160 2898 upon
1188 2829 1265 2883 it:
1307 2828 1406 2884 ‘ex
1443 2831 1825 2886 contractibus
1852 2830 2046 2903 [servi]
2079 2831 2315 2887 civiliter
2339 2848 2454 2885 non
2489 2831 2838 2901 obligantur,

536 2912 640 2968 sed
666 2912 993 2969 naturaliter
1017 2923 1073 2968 et
1099 2912 1419 2982 obligantur
1443 2923 1499 2968 et
1525 2914 1779 2985 obligant
1795 2917 1809 2942 ’
1837 2915 1970 2985 Dig.
1995 2929 2078 2984 44.
2108 2929 2159 2982 7.
2192 2931 2270 2983 14.
2335 2915 2480 2971 Civil
2515 2916 2830 2985 obligation

534 2996 791 3052 between
831 2996 1235 3066 paterfamilias
1272 2997 1388 3052 and
1428 2997 1571 3052 filius
1610 3016 1796 3054 seems
1833 3008 1894 3054 to
1929 3000 2074 3055 have
2108 3000 2252 3054 been
2290 3000 2600 3069 prevented
2635 3001 2713 3069 by
2735 3000 2837 3056 the

536 3079 745 3134 latter’s
783 3091 931 3136 want
968 3081 1036 3134 of
1063 3080 1414 3151 proprietary
1450 3081 1638 3150 right;
1675 3083 1836 3137 when
1876 3083 1973 3138 the
2011 3082 2332 3153 incapacity
2367 3101 2483 3138 was
2526 3085 2712 3155 partly
2746 3101 2832 3138 re-

535 3163 759 3230 moved,
798 3165 899 3218 the
938 3164 1058 3218 rule
1101 3181 1215 3218 was
1254 3181 1357 3234 pro
1397 3174 1556 3220 tanto
1592 3165 1760 3236 given
1801 3184 1893 3237 up,
1935 3166 2050 3221 and
2088 3166 2146 3221 in
2190 3177 2413 3237 respect
2455 3168 2521 3222 of
2547 3167 2834 3237 peculium

536 3258 825 3302 castrense
868 3248 1026 3302 there
1071 3247 1238 3302 could
1284 3247 1359 3302 be
1401 3247 1529 3302 civil
1573 3249 1882 3319 obligation
1931 3251 2047 3306 and
2095 3251 2501 3322 consequently
2543 3250 2822 3320 litigation

535 3329 791 3386 between
828 3332 1021 3384 them:
1062 3331 1161 3384 ‘lis
1199 3331 1353 3386 nulla
1389 3332 1555 3386 nobis
1592 3349 1720 3388 esse
1752 3344 1940 3403 potest
1975 3351 2105 3390 cum
2140 3352 2210 3390 eo
2248 3352 2418 3406 quern
2455 3334 2514 3390 in
2549 3345 2834 3405 potestate

538 3412 833 3479 habemus,
859 3411 968 3467 nisi
993 3430 1062 3467 ex
1087 3413 1360 3468 castrensi
1386 3415 1640 3484 peculio’
1667 3416 1796 3486 Dig.
1823 3430 1867 3486 5.
1902 3433 1946 3473 1.
1969 3433 2041 3486 43
2079 3418 2145 3473 cf.
2171 3418 2300 3488 Dig.
2336 3418 2416 3474 18.
2449 3433 2492 3476 1.
2515 3433 2666 3489 2.pr.
2693 3438 2708 3485 ς
2742 3432 2832 3486 47.

541 3509 590 3550 2.
621 3507 703 3563 52.
736 3495 860 3561 4-6.
956 3497 1022 3550 ln
1061 3507 1281 3565 respect
1320 3497 1386 3551 of
1418 3499 1704 3568 peculium
1741 3500 2112 3557 adventitium
2151 3501 2264 3556 this
2303 3501 2614 3557 relaxation
2650 3502 2699 3558 is
2731 3513 2830 3559 not

535 3577 874 3645 recognised
901 3577 958 3633 in
983 3579 1081 3634 the
1107 3578 1453 3636 authorities

614 3662 643 3728 §
670 3663 728 3715 8.
766 3662 893 3717 The
936 3659 1257 3732 incapacity
1298 3663 1364 3716 of
1403 3663 1646 3719 furiosus
1695 3673 1756 3720 to
1797 3676 2053 3722 contract
2096 3667 2144 3723 is
2188 3667 2246 3724 in
2287 3669 2489 3740 reality
2529 3669 2709 3726 based
2757 3687 2831 3726 on

540 3741 861 3812 incapacity
896 3743 963 3798 of
990 3743 1213 3814 willing‚
1253 3761 1317 3800 or
1353 3747 1419 3801 of
1444 3746 1635 3802 action
1673 3748 1946 3820 entailing
1981 3753 2127 3822 legal
2169 3768 2608 3823 consequenceS,
2645 3755 2836 3810 rather

540 3826 680 3881 than
706 3842 781 3880 on
808 3825 993 3882 defect
1020 3827 1086 3881 of
1111 3825 1468 3898 intelligence
1491 3848 1503 3884 :
1544 3829 1864 3902 ‘furiosum‚
1889 3834 2009 3890 sive
2041 3835 2353 3906 stipuletur,
2381 3836 2499 3892 sive
2524 3839 2832 3908 promittat,

538 3907 681 3963 nihil
717 3925 885 3977 agere
922 3920 1124 3966 natura
1160 3910 1522 3967 manifestum
1548 3923 1650 3969 est.
1730 3915 1882 3970 Huic
1915 3917 2202 3987 proximus
2239 3930 2343 3988 est,
2369 3930 2429 3974 ut
2467 3921 2722 3975 nondum
2755 3921 2838 3974 in-

540 3991 789 4060 tellegat,
815 3991 952 4062 quid
978 4003 1195 4063 agatur,
1220 3994 1323 4048 sed
1348 3996 1501 4065 quod
1526 3996 1603 4050 ad
1627 3997 1778 4052 hunc
1802 3998 2102 4069 benignius
2127 4013 2424 4071 acceptum
2449 4013 2553 4072 est,
2580 4021 2713 4059 nam
2739 4004 2833 4074 qui

540 4073 695 4144 loqui
721 4085 926 4145 potest,
948 4074 1194 4132 creditur
1212 4087 1269 4132 et
1288 4077 1541 4148 stipulari
1568 4090 1626 4135 et
1651 4082 1977 4150 promittere
2003 4099 2172 4154 posse
2189 4085 2202 4111 '
2229 4083 2359 4153 Dig.
2378 4100 2464 4152 44.
2485 4099 2533 4153 7.
2562 4102 2603 4142 1.
2630 4101 2690 4141 12
2717 4088 2834 4142 and

547 4171 629 4225 13,
657 4156 671 4185 ‘
688 4157 745 4211 in
766 4158 1009 4226 negotiis
1034 4161 1435 4217 contrahendis
1460 4161 1573 4218 alia
1591 4181 1765 4220 causa
1788 4165 1986 4221 habita
2009 4177 2096 4222 est
2120 4166 2474 4238 furiosorum,
2494 4169 2607 4224 alia
2623 4187 2838 4240 eorum,

543 4239 639 4311 qui
664 4239 769 4296 fari
793 4251 1048 4312 possunt,
1074 4244 1332 4314 quamvis
1357 4255 1548 4301 actum
1572 4246 1653 4302 rei
1677 4265 1793 4304 non
1823 4249 2198 4319 intelligerent
2223 4269 2235 4306 ε
2279 4268 2414 4307 narn
2448 4253 2691 4308 furiosus
2715 4254 2840 4309 nul·

542 4323 661 4377 lum
703 4323 994 4393 negotium
1034 4328 1367 4384 contrahere
1409 4340 1613 4399 potest,
1657 4331 1903 4401 pupillus
1944 4333 2138 4388 omnia
2179 4343 2363 4390 tutore
2399 4345 2631 4391 auctore
2670 4353 2840 4408 agere

542 4417 731 4478 potest
746 4409 760 4436 ’
786 4406 917 4479 Dig.
938 4423 1026 4478 42.
1049 4423 1093 4465 1.
1114 4421 1161 4480 5.
1237 4411 1624 4483 Dispositions
1648 4415 1817 4472 made
1841 4414 1919 4488 by
1937 4433 1974 4472 a
1995 4416 2238 4473 furiosus
2263 4417 2320 4472 in
2347 4435 2383 4474 a
2407 4418 2560 4474 lucid
2583 4431 2859 4478 moment.
