3230 5116
346 425 449 475 Tit.
478 418 585 487 ¹4·]
1016 418 1139 473 DE
1180 418 1537 479 REPLJCA
1550 419 1602 473 T
1598 420 1969 477 IONIBUS.
2523 412 2650 497 587

348 594 533 647 actor
590 581 951 663 adiuvetur,
1004 602 1176 665 quae
1236 583 1475 649 dicitur
1526 586 1898 670 triplicatio.
2006 585 2305 671 Quarum
2354 588 2647 652 omnium
2677 600 2712 653 3

350 688 821 770 exceptionum
859 708 1048 751 usum
1098 688 1427 752 interdum
1475 689 1746 755 ulterius
1787 710 1988 773 quam
2034 691 2329 755 diximus
2367 691 2653 755 varietas

350 791 767 875 negotiorum
816 791 1215 855 introducit:
1286 812 1453 875 quas
1501 814 1734 857 omnes
1781 796 2072 877 apertius
2127 816 2215 859 ex
2268 794 2502 859 latiore
2552 796 2652 857 di-

348 905 685 978 gestorum
716 894 1051 959 volumine
1081 895 1273 961 facile
1302 906 1403 961 est
1434 918 1848 981 cognoscere.
1926 898 2379 981 Exceptiones
2408 908 2653 976 autem,
2679 907 2716 961 4

352 998 591 1081 quibus
650 999 911 1063 debitor
968 1000 1355 1079 defenditur,
1416 1002 1808 1085 plerumque
1876 1003 2366 1067 accommodari
2437 1001 2653 1067 solent

353 1105 556 1165 etiam
602 1102 1089 1166 fideiussoribus
1140 1104 1312 1168 eius:
1360 1116 1429 1170 et
1468 1115 1662 1183 recte,
1696 1108 1866 1189 quia,
1896 1108 2076 1190 quod
2119 1106 2206 1169 ab
2245 1106 2348 1168 his
2389 1105 2653 1188 petitur,

354 1207 420 1271 id
469 1206 556 1270 ab
610 1208 757 1288 ipso
807 1207 1106 1270 debitore
1154 1210 1291 1289 peti
1337 1209 1613 1285 videtur,
1666 1212 1818 1292 quia
1873 1210 2169 1274 mandati
2223 1210 2462 1274 iudicio
2511 1210 2658 1273 red-

354 1311 609 1374 diturus
655 1320 755 1374 est
802 1312 911 1388 ei3‚
955 1311 1136 1395 quod
1182 1311 1249 1374 hi
1298 1332 1417 1395 pro
1464 1334 1546 1378 eo
1589 1314 1924 1379 solverint.
2014 1334 2147 1399 qua
2193 1315 2444 1377 ratione
2489 1323 2556 1378 et
2601 1313 2656 1377 si

355 1417 441 1479 de
488 1435 621 1478 non
666 1413 957 1496 petenda
1004 1417 1282 1501 pecunia
1334 1428 1566 1501 pactus
1614 1419 1760 1501 quis
1805 1439 1958 1483 cum
2007 1438 2117 1485 reo
2163 1418 2372 1497 fuerit,
2408 1417 2658 1499 placuit

355 1519 634 1602 proinde
682 1520 1187 1583 succurrendum
1238 1541 1385 1585 esse
1436 1542 1555 1604 per
1598 1525 2060 1605 exceptionem
2113 1522 2294 1604 pacti
2354 1522 2658 1587 conventi

356 1622 485 1687 illis
530 1642 795 1704 quoque
840 1622 954 1704 qui
1000 1643 1121 1706 pro
1172 1644 1255 1687 eo
1313 1626 1591 1708 obligati
1643 1636 1881 1705 essent,
1933 1646 2011 1689 ac
2069 1626 2124 1689 si
2177 1634 2246 1689 et
2297 1646 2446 1689 cum
2501 1625 2658 1707 ipsis

357 1736 591 1809 pactus
628 1734 817 1801 esset,
852 1747 934 1790 ne
979 1728 1065 1790 ab
1112 1728 1205 1791 eis
1250 1750 1329 1792 ea
1374 1732 1650 1813 pecunia
1691 1740 2040 1814 peteretur.
2131 1750 2290 1792 sane
2327 1730 2655 1811 quaedam

360 1830 786 1913 exceptiones
827 1851 960 1895 non
990 1832 1207 1898 solent
1253 1832 1356 1897 his
1400 1834 1905 1899 accommodari.
1993 1853 2148 1899 ecce
2183 1835 2357 1899 enim
2400 1833 2661 1898 debitor

360 1936 413 1999 si
450 1935 643 1999 bonis
674 1935 807 1999 suis
838 1938 1109 2003 cesserit
1140 1945 1208 2000 et
1239 1957 1390 2001 cum
1422 1958 1501 2001 eo
1542 1940 1830 2003 creditor
1859 1938 2253 2020 experiatur,
2285 1936 2661 2002 defenditur

359 2059 479 2121 per
538 2040 1003 2121 exceptionem
1068 2040 1230 2104 ‘nisi
1290 2040 1481 2104 bonis
1539 2043 1806 2106 cesserit
1831 2068 1844 2106 ε
1867 2039 1882 2067 ’
1948 2041 2067 2104 sed
2125 2040 2293 2104 haec
2350 2040 2661 2122 exceptio

360 2142 849 2206 fideiussoribus
896 2163 1024 2207 non
1063 2145 1272 2223 datur,
1320 2144 1568 2210 scilicet
1615 2147 1767 2210 ideo
1803 2146 1978 2228 quia,
2020 2144 2130 2226 qui
2175 2143 2342 2207 alios
2385 2164 2506 2225 pro
2546 2143 2662 2206 de-

360 2248 576 2310 bitore
633 2246 905 2331 obligat,
957 2247 1082 2312 hoc
1142 2249 1439 2313 maxime
1490 2252 1824 2333 prospicit,
1879 2257 1969 2325 ut,
2033 2268 2182 2315 cum
2241 2247 2664 2312 facultatibus

364 2350 588 2432 lapsus
617 2350 813 2415 fuerit
843 2351 1119 2430 debitor,
1151 2355 1361 2435 possit
1390 2353 1477 2417 ab
1509 2353 1611 2419 his
1643 2376 1812 2437 quos
1843 2374 1961 2437 pro
2003 2373 2085 2417 eo
2121 2351 2439 2435 obligavit
2473 2371 2663 2415 suum

364 2474 696 2537 consequi.

440 2713 469 2787 ξ
498 2720 551 2771 8.
591 2717 717 2772 The
741 2733 843 2772 use
867 2716 934 2770 of
949 2717 1207 2788 exceptio
1233 2718 1367 2772 here
1390 2718 1476 2772 for
1500 2716 1826 2787 duplicati0,
1853 2715 2162 2786 replicati0‚
2187 2724 2313 2782 etc„
2339 2713 2387 2767 is
2413 2711 2665 2783 justified

367 2801 445 2870 by
462 2800 593 2870 Dig.
610 2815 697 2868 44.
720 2816 764 2856 1.
781 2816 832 2854 2.
856 2816 876 2854 1
910 2800 1333 2871 ‘replicationes
1360 2803 1419 2869 (a
1442 2811 1584 2856 term
1614 2799 1916 2870 employed
1940 2801 2017 2868 by
2039 2799 2251 2868 Ulpian
2277 2798 2392 2852 and
2417 2796 2667 2851 lulianus

369 2883 592 2939 instead
617 2884 682 2938 os
708 2883 1036 2954 duplicatio)
1064 2884 1204 2939 nihil
1234 2883 1388 2939 aliud
1422 2895 1569 2953 sunt,
1596 2901 1770 2954 quam
1803 2883 2164 2953 exceptiones
2190 2899 2225 2935 a
2249 2891 2408 2951 parte
2443 2877 2670 2944 actoris,

370 2983 517 3038 quae
542 2967 902 3038 exceptiones
929 2967 1267 3036 excludunt,’
1292 2967 1367 3021 ib.
1387 2982 1419 3020 2
1440 2969 1454 2996 ‘
1471 2967 1767 3037 replicatio
1791 2976 1878 3021 est
1904 2964 2186 3021 contraria
2211 2962 2485 3033 excepti0,
2505 2960 2668 3032 quasi

370 3049 717 3120 exceptionis
743 3051 1034 3121 exceptio.’

443 3132 471 3204 ξ
498 3138 557 3188 4.
597 3135 707 3190 See
731 3151 807 3188 on
833 3136 935 3189 Bk.
965 3134 1039 3190 iii.
1069 3149 1154 3190 20.
1180 3135 1215 3188 6
1240 3150 1391 3204 supr.
1465 3135 1590 3190 The
1614 3131 1941 3203 expression
1969 3131 2026 3186 in
2051 3132 2150 3187 the
2174 3140 2290 3185 text
2317 3129 2675 3201 (plerumque

370 3217 789 3272 accommodari
826 3216 1031 3285 solent)
1071 3217 1119 3274 is
1158 3235 1315 3272 more
1348 3226 1566 3271 correct
1598 3217 1736 3270 than
1764 3216 1886 3270 that
1921 3215 1978 3270 in
2013 3214 2142 3283 Dig.
2171 3228 2255 3280 44.
2291 3229 2333 3266 1.
2367 3227 2431 3281 19
2455 3212 2674 3265 ‘omnes

370 3302 749 3372 exceptiones,
788 3319 935 3373 quae
972 3319 1069 3356 reo
1109 3310 1457 3371 competunt,
1498 3298 1814 3355 fideiussori
1854 3315 2096 3370 quoque,
2133 3297 2306 3354 etiam
2344 3294 2520 3350 invito
2557 3310 2672 3362 ree,

372 3387 735 3455 competunt!

445 3470 619 3524 Some
651 3468 1013 3540 exceptiones
1048 3485 1144 3524 are
1178 3466 1304 3522 said
1341 3465 1438 3536 rei,
1474 3467 1667 3521 others
1704 3483 1982 3536 personae
2007 3465 2310 3520 cohaerere
2336 3481 2348 3517 :
2387 3462 2485 3517 the
2509 3461 2676 3516 latter

372 3555 443 3624 (e.
463 3573 518 3625 g.
558 3555 724 3609 those
766 3552 1025 3609 beneficii
1066 3551 1483 3622 competentiae
1526 3551 1642 3605 and
1686 3549 1838 3620 pacti
1883 3550 1956 3605 de
1995 3565 2110 3604 non
2153 3546 2401 3618 petendo
2445 3545 2501 3601 in
2551 3561 2676 3615 per-

372 3637 597 3706 sonam)
634 3637 783 3693 avail
826 3640 961 3707 only
996 3647 1055 3692 to
1098 3637 1197 3692 the
1240 3652 1445 3706 person
1489 3634 1878 3703 immediately
1911 3631 2270 3698 concerned3
2317 3631 2414 3685 the
2452 3630 2676 3697 former,

372 3723 557 3777 which
595 3740 691 3778 are
728 3724 825 3777 the
863 3732 1088 3791 greater
1122 3722 1376 3788 number,
1404 3737 1511 3774 can
1547 3719 1622 3774 be
1659 3718 1800 3773 used
1837 3717 1915 3786 by
1939 3718 2103 3772 other
2133 3733 2368 3786 persons
2403 3715 2525 3769 also
2549 3715 2676 3768 who

374 3821 482 3859 can
508 3805 581 3860 be
606 3805 748 3860 sued
784 3805 840 3860 in
866 3807 978 3860 lieu
1015 3805 1080 3860 os
1105 3822 1170 3860 or
1195 3805 1252 3859 in
1288 3803 1545 3858 addition
1571 3813 1632 3857 to
1669 3803 1766 3856 the
1799 3819 1908 3855 one
1934 3801 2320 3868 immediately
2344 3798 2529 3867 liable,
2556 3815 2606 3852 e.
2621 3813 2676 3866 g.

376 3887 466 3941 his
503 3889 655 3942 heirs
692 3907 757 3943 or
792 3890 1063 3944 sureties:
1104 3888 1497 3958 ‘exceptiones
1532 3903 1680 3957 quae
1715 3901 1995 3955 personae
2025 3883 2184 3940 cuius
2218 3883 2523 3938 cohaerent
2561 3897 2676 3935 non

376 3979 671 4026 transeunt
697 3972 771 4026 ad
797 3973 955 4042 alios,
976 3973 1147 4028 veluti
1174 3990 1259 4042 ea,
1280 3989 1451 4042 quarn
1472 3970 1660 4026 socius
1687 3969 1858 4023 habet
1885 3966 2292 4037 exceptionem,
2313 3965 2466 4036 quod
2491 3965 2677 4018 facere

376 4053 575 4124 possit,
610 4056 699 4108 vel
733 4071 939 4124 parens
974 4067 1315 4126 patronusve
1342 4055 1475 4124 (Tit.
1502 4054 1553 4108 6.
1581 4055 1648 4122 38
1683 4050 1875 4123 ευριπ),
1910 4069 2024 4106 non
2059 4050 2328 4120 competit
2362 4045 2676 4104 fideiussori

382 4177 561 4194 .....
590 4137 670 4192 rei
696 4149 887 4193 autem
914 4139 1281 4193 cohaerentes
1314 4136 1678 4207 exceptiones
1703 4135 1876 4190 etiarn
1903 4133 2217 4190 fideiussori
2243 4139 2590 4201 competunt,
2615 4138 2677 4183 ut

378 4220 459 4276 rei
510 4219 809 4292 iudicatae,
860 4221 975 4277 doli
1025 4221 1178 4289 mali,
1228 4219 1603 4288 iurisiurandi,
1649 4219 1802 4289 quod
1849 4229 2036 4272 metus
2086 4234 2260 4272 causa
2308 4215 2520 4270 sactum
2570 4221 2674 4267 est.

384 4303 564 4374 Igitur
586 4314 643 4358 et
671 4305 717 4359 si
752 4323 881 4361 reus
915 4315 1114 4376 pactus
1148 4303 1221 4358 sit
1256 4302 1311 4357 in
1346 4319 1483 4370 rem,
1510 4301 1840 4356 omnimodo
1873 4301 2143 4371 competit
2169 4298 2425 4368 exceptio
2451 4294 2678 4350 fideius-

380 4387 531 4444 sori:
576 4388 998 4444 intercessionis
1049 4404 1273 4459 quoque
1322 4385 1596 4456 excepti0,
1641 4384 1776 4440 item
1826 4387 1980 4456 quod
2029 4383 2303 4439 libertatis
2352 4379 2676 4436 onerandas

378 4489 556 4528 causa
578 4473 802 4542 petitur,
827 4472 999 4527 etiam
1028 4469 1340 4525 fideiussori
1368 4468 1669 4539 competit’
1695 4469 1827 4538 Dig.
1855 4484 1941 4535 44.
1975 4484 2018 4522 1.
2046 4482 2096 4535 7.

457 4558 509 4612 It
544 4557 591 4612 is
625 4573 699 4612 on
733 4557 832 4613 the
856 4554 1130 4628 principle
1154 4553 1344 4610 stated
1368 4552 1425 4608 in
1451 4553 1548 4608 the
1572 4561 1690 4607 text
1718 4550 1875 4624 (quia
1899 4551 1992 4623 qui
2020 4549 2162 4606 alios
2189 4591 2202 4605 .
2230 4588 2244 4605 .
2272 4591 2284 4604 .
2313 4587 2326 4602 .
2353 4563 2517 4602 suum
2543 4563 2677 4602 con-
