3230 5116
301 466 308 472 .
337 418 438 469 Tit.
463 410 570 481 23.]
792 409 915 464 DE
955 407 1411 465 EMPTIONE
1453 407 1576 463 ET
1623 406 2171 465 VENDITIONE.
2507 416 2635 483 417

337 576 579 642 debere
619 596 693 640 se
737 574 1085 658 scripserit,
1118 574 1298 658 quod
1340 582 1756 638 numeratum
1801 572 1861 638 ei
1904 594 2036 638 non
2077 583 2195 651 est,
2240 575 2325 639 de
2364 576 2643 659 pecunia

339 681 614 744 minime
671 687 1016 743 numerata
1074 687 1228 761 post
1287 678 1572 743 multum
1632 677 1953 760 temporis
2005 680 2466 761 exceptionem
2518 700 2640 763 op-

337 804 586 867 ponere
645 804 778 848 non
836 790 1098 867 potest:
1165 780 1295 848 hoc
1353 784 1530 846 enim
1584 781 1976 864 'saepissime
2028 784 2462 847 constitutum
2517 793 2638 848 est.

243 872 252 879 ⁸
340 889 433 951 sic
466 888 564 965 fit,
594 897 668 953 ut
699 898 768 953 et
800 885 1022 963 hodie,
1056 888 1216 951 dum
1248 887 1432 970 queri
1475 903 1606 949 non
1648 894 1890 969 potest,
1922 888 2242 969 scriptura
2272 888 2641 971 obligetur:

341 1001 410 1057 et
455 1012 544 1057 ex
589 1012 669 1057 ea
715 993 1007 1057 nascitur
1045 992 1393 1066 condicti0,
1442 1000 1743 1056 cessante
1790 983 2042 1056 scilicet
2084 988 2435 1056 verborum
2477 990 2647 1057 obli-

341 1098 630 1178 gatione.
742 1095 1026 1159 multum
1081 1104 1304 1161 autem
1365 1104 1631 1177 tempus
1684 1093 1751 1157 in
1802 1094 1930 1158 hac
1989 1095 2387 1177 exceptione
2444 1104 2645 1160 antea

341 1201 616 1282 quidem
684 1220 772 1263 ex
843 1194 1312 1283 principalibus
1383 1198 1963 1264 constitutionibus
2033 1216 2243 1282 usque
2310 1200 2397 1265 ad
2455 1201 2647 1283 quin-

342 1304 702 1386 quennium
746 1304 1186 1386 procedebat:
1234 1303 1351 1368 sed
1399 1322 1484 1368 ne
1529 1302 1887 1368 creditores
1925 1296 2171 1366 diutius
2214 1304 2472 1386 possint
2512 1306 2647 1368 suis

343 1407 633 1490 pecuniis
655 1406 926 1471 forsitan
945 1402 1334 1486 defraudari,
1356 1427 1475 1490 per
1495 1406 2036 1471 constitutionem
2056 1416 2351 1471 nostram
2384 1417 2647 1490 tempus

344 1520 713 1577 coartatum
773 1521 892 1586 est,
953 1521 1030 1577 ut
1089 1510 1262 1577 ultra
1319 1511 1567 1575 biennii
1630 1520 1844 1575 metas
1902 1506 2281 1576 huiusmodi
2335 1512 2647 1595 exceptio

345 1616 617 1681 minime
647 1617 1068 1682 extendatur.

1385 1694 1560 1766 XXI
1569 1694 1625 1765 1.

949 1854 1050 1906 DE
1095 1846 1480 1907 CONSENSU
1525 1846 2053 1905 03L1GAT10N‘E.

436 1979 780 2045 Consensu
825 1980 994 2045 fiunt
1033 1979 1467 2063 obligationes
1519 1978 1589 2043 in
1639 1978 2087 2061 emptionibus
2139 1978 2648 2052 venditionibus,

348 2084 785 2150 locationibus
862 2079 1429 2160 conductionibus,
1501 2083 1948 2160 societatibu3‚
2018 2084 2365 2148 mandatiS.
2486 2084 2651 2147 Ideo
2680 2093 2708 2146 1

348 2199 572 2253 autem
625 2189 768 2253 istis
825 2188 1039 2252 modis
1093 2207 1412 2253 consensu
1464 2180 1705 2252 dicitur
1755 2186 2076 2270 obligatio
2128 2186 2444 2262 contrahi,
2495 2188 2655 2271 quia

352 2313 566 2375 neque
616 2292 937 2376 scriptura
982 2312 1194 2375 neque
1233 2291 1607 2375 praesentia
1644 2291 2033 2356 omnimodo
2072 2311 2240 2375 opus
2281 2301 2398 2370 est,
2449 2312 2529 2357 ac
2569 2311 2654 2355 ne

353 2396 493 2459 dari
541 2396 904 2478 quidquam
950 2415 1219 2459 necesse
1261 2404 1384 2471 est,
1430 2402 1506 2458 ut
1549 2395 1991 2459 substantiam
2044 2396 2263 2479 capiat
2314 2395 2654 2478 obligati0,

353 2499 469 2565 sed
555 2500 794 2564 sufficit
867 2520 980 2564 eos
1048 2500 1162 2584 qui
1235 2500 1575 2582 negotium
1651 2508 1889 2582 gerunt
1947 2499 2331 2566 consentire.
2450 2499 2653 2565 Unde
2680 2508 2715 2564 2

351 2604 521 2669 inter
565 2604 873 2671 absentes
917 2625 1184 2688 quoque
1227 2603 1388 2670 talia
1437 2604 1708 2687 negotia
1752 2604 2240 2680 contrahuntur,
2286 2604 2492 2669 veluti
2538 2625 2657 2688 per

353 2707 704 2790 epistulam
743 2717 862 2772 aut
906 2729 1026 2791 per
1069 2709 1394 2772 nuntium.
1502 2707 1678 2773 Item
1725 2708 1792 2771 in
1844 2707 1947 2770 his
1999 2708 2444 2773 contractibus
2488 2707 2657 2772 alter
2680 2721 2716 2776 3

353 2809 542 2875 alteri
585 2810 916 2896 obligatur
960 2811 1026 2875 in
1072 2811 1155 2887 id,
1204 2812 1386 2894 quod
1432 2811 1713 2875 alterum
1757 2809 1947 2874 alteri
1980 2829 2069 2874 ex
2111 2811 2289 2875 bono
2334 2820 2400 2874 et
2440 2831 2655 2893 aequo

353 2925 687 2997 praestare
745 2926 1029 3000 oportet,
1087 2935 1239 2982 cum
1291 2915 1586 2999 alioquin
1636 2917 1702 2980 in
1749 2915 2098 2980 verborum
2145 2914 2659 2998 obligationibus

353 3017 522 3083 alius
549 3019 914 3103 stipuletur,
943 3020 1110 3085 alius
1140 3020 1506 3105 promittat.

1353 3181 1643 3254 XXIII.

899 3326 1002 3378 DE
1048 3325 1434 3377 EMPTIONE
1478 3325 1576 3376 Er
1618 3325 2109 3378 VENDI‘HONE.

445 3451 722 3537 Emptio
787 3461 855 3518 et
939 3452 1233 3517 venditio
1305 3450 1731 3531 contrahitur,
1818 3453 2217 3537 simulatque
2287 3454 2373 3519 de
2446 3452 2663 3538 pretio

429 3625 713 3696 justinian
738 3625 980 3680 enacted
1007 3624 1085 3694 (1)
1111 3626 1234 3680 that
1264 3625 1338 3678 all
1365 3623 1734 3678 intercession
1760 3625 1837 3693 by
1860 3643 1897 3679 a
1921 3642 2141 3680 woman
2168 3625 2373 3680 should
2396 3626 2471 3682 be
2496 3627 2663 3682 abso-

355 3709 531 3780 lutely
565 3708 700 3764 void
735 3710 928 3764 unless
964 3707 1270 3779 expressed
1313 3706 1370 3761 in
1411 3725 1448 3762 a
1483 3707 1790 3762 document
1829 3709 2075 3763 attested
2110 3709 2189 3780 by
2225 3718 2285 3764 at
2321 3710 2465 3764 least
2500 3710 2665 3768 three

359 3791 668 3859 witnesses,
709 3790 848 3847 Cod.
881 3805 933 3858 4
961 3805 1048 3861 ²9·
1075 3805 1161 3859 23.
1189 3806 1260 3859 ²3
1297 3791 1394 3845 the
1430 3789 1760 3860 exceptions
1796 3790 1979 3846 which
2017 3791 2134 3846 had
2170 3791 2491 3863 previously
2526 3791 2662 3848 held

359 3891 504 3930 were
529 3874 643 3929 still
667 3874 1017 3945 recognised,
1045 3874 1093 3930 if
1121 3874 1234 3929 this
1260 3874 1405 3928 form
1432 3891 1546 3928 was
1573 3872 1871 3944 observed,
1898 3876 2112 3945 though
2140 3875 2211 3930 its
2238 3874 2523 3946 necessity
2547 3893 2663 3931 was

359 3958 666 4029 dispensed
691 3958 826 4014 with
845 3959 1030 4014 where
1049 3961 1146 4013 the
1165 3957 1496 4012 intercessio
1517 3973 1633 4012 was
1653 3957 1823 4013 made
1841 3958 1927 4012 for
1945 3959 2206 4014 valuable
2225 3958 2662 4028 consideration,

359 4058 424 4096 or
448 4041 504 4096 in
530 4043 628 4098 the
653 4051 862 4097 matter
885 4042 951 4096 of
978 4058 1016 4096 a
1041 4041 1162 4110 dos,
1192 4040 1329 4097 Cod.
1359 4042 1464 4095 loc.
1491 4040 1583 4095 cit.
1611 4055 1700 4107 24·
1726 4054 1813 4110 25.
1889 4042 1966 4110 (2)
2006 4043 2158 4097 That
2192 4043 2267 4097 all
2292 4040 2664 4100 intercession

358 4125 436 4195 by
454 4143 490 4180 a
507 4124 633 4181 wife
658 4142 733 4180 on
757 4125 959 4180 behalf
973 4125 1040 4179 of
1057 4127 1159 4180 her
1181 4123 1464 4190 husband,
1483 4123 1617 4179 with
1637 4141 1673 4179 a
1692 4125 1799 4180 few
1818 4125 2160 4195 exceptionS,
2184 4126 2389 4182 should
2412 4126 2487 4182 be
2511 4125 2665 4198 void,

359 4225 502 4265 even
545 4209 762 4279 though
799 4209 898 4264 the
938 4209 1085 4264 form
1132 4206 1461 4280 prescribed
1498 4205 1554 4262 in
1595 4208 1760 4265 other
1802 4226 1965 4266 cases
2009 4226 2155 4268 were
2191 4209 2475 4282 complied
2512 4209 2665 4280 with,

361 4293 511 4348 Nov.
543 4306 659 4360 134.
687 4293 738 4348 8.

429 4379 550 4432 Ἧι.
587 4379 769 4430 m.
831 4377 1008 4448 Upon
1064 4377 1162 4431 the
1218 4376 1436 4447 subject
1499 4375 1567 4430 of
1618 4375 1799 4432 literal
1860 4385 2116 4433 contract
2176 4374 2235 4431 in
2286 4376 2517 4448 general
2568 4391 2667 4434 see

363 4461 650 4518 Excursus
687 4460 860 4529 VIII,
897 4470 956 4515 at
992 4461 1091 4515 the
1128 4459 1241 4516 end
1278 4460 1345 4514 of
1374 4458 1486 4515 this
1525 4459 1706 4516 Book.

430 4547 550 4601 'Ht-
577 4545 830 4602 xxm.
881 4544 1085 4603 Before
1107 4543 1390 4616 Justinian
1429 4561 1556 4600 arra
1592 4562 1657 4600 or
1693 4555 1918 4602 earnest
1953 4561 2162 4618 money
2185 4542 2301 4599 had
2326 4543 2472 4600 been
2496 4540 2665 4614 given

1450 4641 1496 4694 E
1541 4650 1580 4696 e
