3230 5116
636 421 768 489 514
1041 417 1746 474 INSTITUTIONUM
1783 415 2023 472 LIBRI
2059 416 2530 489 QUATTUOR.
2717 418 2866 484 [Lib.
2895 425 2992 472 lv·

639 584 865 665 possit,
912 584 1147 667 culpae
1199 604 1346 648 reus
1405 592 1540 648 est:
1604 582 1660 646 si
1719 582 2190 666 praeclamavit
2238 602 2454 665 neque
2512 581 2628 644 ille
2691 583 2984 646 curavit

638 707 887 763 cavere,
923 698 1116 752 extra
1160 688 1423 770 culpam
1467 697 1569 754 est
1615 696 1905 770 putator.
1995 706 2208 768 aeque
2251 696 2442 750 extra
2486 685 2766 768 culpam
2811 705 2982 750 esse

637 791 1054 873 intellegitur,
1084 793 1137 856 si
1170 811 1463 856 seorsum
1487 812 1527 854 a
1548 792 1657 854 via
1687 791 1856 855 sorte
1885 791 1991 854 vel
2021 791 2088 853 in
2121 789 2339 853 medio
2369 789 2575 853 fundo
2601 789 2978 865 caedebat,

636 893 789 959 licet
830 917 963 960 non
998 873 1483 978 praeclamairit,
1522 893 1678 976 quia
1713 915 1796 958 eo
1839 893 1983 958 loco
2025 892 2188 956 nulli
2223 901 2544 957 extraneo
2581 892 2688 956 ius
2735 891 2978 956 suerat

575 1010 611 1065 6
637 1001 957 1064 versandi.
1078 1000 1425 1064 Praeterea
1484 999 1539 1063 si
1600 999 1912 1076 medicuS,
1971 998 2084 1080 qui
2144 1017 2404 1062 servum
2461 1005 2653 1060 tuum
2719 997 2972 1074 secuit,

553 1114 566 1125 ‘
636 1104 1053 1188 dereliquerit
1112 1104 1517 1169 curationem
1574 1110 1778 1184 atque
1830 1101 1918 1167 ob
1971 1102 2039 1165 id
2094 1109 2390 1164 mortuus
2449 1100 2642 1165 fuerit
2695 1121 2971 1178 servus»,

576 1221 610 1274 '7
636 1208 871 1291 culpae
902 1230 1050 1273 reus
1080 1220 1199 1273 est.
1288 1206 1632 1290 Imperitia
1662 1227 1928 1288 quoque
1957 1204 2191 1287 culpae
2219 1207 2714 1282 adnumeratur,
2739 1205 2970 1268 veluti

636 1314 689 1376 si
715 1314 1010 1377 medicus
1035 1312 1185 1377 ideo
1208 1331 1469 1376 servum
1499 1321 1688 1375 tuum
1714 1309 2043 1385 occiderit,
2070 1309 2248 1392 quod
2269 1329 2422 1376 eum
2455 1307 2626 1372 male
2657 1310 2970 1372 secuerit

575 1431 609 1486 8
634 1425 753 1482 aut
782 1437 1127 1499 perperam
1160 1418 1218 1480 ei
1258 1416 1814 1481 medicamentum
1845 1413 2120 1478 dederit.
2197 1413 2462 1494 Impetu
2493 1432 2772 1494 quoque
2805 1434 2969 1476 mu-

632 1520 863 1595 larum,
910 1540 1075 1602 quas
1112 1518 1316 1584 mulio
1362 1528 1631 1602 propter
1671 1518 2069 1599 imperitiam
2118 1517 2400 1582 retinere
2444 1536 2575 1580 non
2623 1517 2962 1598 potuerit,

633 1625 687 1687 si
718 1644 942 1689 servus
970 1633 1126 1688 tuus
1164 1643 1518 1707 oppressus
1559 1622 1772 1696 suerit,
1808 1621 2042 1703 culpae
2073 1639 2222 1684 reus
2263 1629 2364 1684 est
2406 1620 2628 1685 muli0.
2717 1621 2846 1684 sed
2883 1633 2964 1685 et

634 1731 689 1792 si
733 1738 1004 1811 propter
1046 1727 1497 1792 infirmitatem
1546 1727 1828 1790 retinere
1873 1745 1984 1792 eas
2036 1745 2168 1788 non
2219 1725 2526 1807 potuerit,
2568 1744 2722 1790 cum
2772 1725 2962 1789 alius

632 1832 879 1897 firmior
921 1833 1201 1896 retinere
1236 1831 1575 1914 potuisset,
1619 1851 1833 1912 aeque
1873 1830 2106 1912 culpae
2145 1837 2424 1894 tenetur.
2513 1829 2754 1894 eadem
2799 1829 2958 1912 pla-

634 1947 906 2002 cuerunt
936 1936 1022 2000 de
1063 1957 1143 2000 eo
1172 1955 1451 2019 quoque,
1482 1935 1618 2017 qui,
1650 1953 1800 1997 cum
1843 1954 2013 2016 equo
2041 1932 2406 2012 veheretur,
2437 1935 2765 2016 impetum
2801 1935 2956 1997 eius

632 2051 747 2106 aut
778 2051 1047 2125 propter
1074 2039 1527 2104 infirmitatem
1558 2045 1673 2100 aut
1706 2046 1975 2119 propter
2006 2037 2404 2119 imperitiam
2434 2057 2622 2102 suam
2655 2038 2956 2102 retinere

572 2162 608 2216 9
634 2165 765 2209 non
806 2143 1115 2227 potuerit.
1208 2143 1337 2206 His
1382 2149 1608 2204 autem
1643 2140 1861 2203 verbis
1902 2139 2065 2222 legis
2099 2140 2363 2222 ‘quanti
2405 2140 2470 2203 id
2521 2141 2587 2203 in
2633 2162 2714 2204 eo
2761 2161 2952 2204 anno

634 2247 895 2331 plurimi
940 2244 1162 2311 fuerit'
1202 2246 1315 2310 illa
1353 2243 1684 2308 sententia
1725 2243 2136 2324 exprimitur,
2183 2253 2259 2307 ut
2302 2244 2358 2306 si
2403 2243 2550 2326 quis
2589 2243 2948 2310 hominem

631 2362 841 2426 tuum,
873 2352 988 2433 qui
1016 2351 1216 2415 hodie
1245 2348 1517 2414 claudus
1547 2357 1661 2411 aut
1700 2347 1919 2412 luscus
1958 2357 2075 2410 aut
2117 2367 2389 2412 mancus
2431 2347 2570 2427 erit,
2601 2349 2946 2430 occiderit,

631 2455 743 2536 qui
782 2456 849 2517 in
881 2476 961 2519 eo
990 2475 1163 2518 anno
1194 2456 1449 2536 integer
1479 2463 1595 2517 aut
1635 2451 1964 2534 pretiosus
1994 2452 2213 2526 fuerit,
2245 2471 2378 2516 non
2408 2453 2575 2516 tanti
2607 2461 2944 2526 teneatur,

629 2560 857 2642 quanti
889 2558 943 2622 is
972 2557 1173 2623 hodie
1203 2560 1343 2633 erit,
1376 2557 1493 2621 sed
1536 2557 1766 2641 quanti
1800 2558 1867 2620 in
1897 2578 1976 2621 eo
2007 2577 2182 2620 anno
2224 2555 2487 2639 plurimi
2518 2557 2732 2622 fuerit.
2799 2580 2945 2641 qua

630 2663 881 2729 ratione
913 2663 1233 2727 creditum
1266 2670 1366 2726 est
1397 2660 1747 2744 poenalem
1779 2680 1924 2724 esse
1963 2659 2154 2723 huius
2197 2660 2361 2742 legis
2391 2661 2740 2736 actionem,
2771 2664 2946 2744 quia

631 2786 760 2829 non
810 2766 1025 2830 solum
1071 2766 1241 2829 tanti
1292 2755 1572 2849 quisque
1623 2764 1969 2847 obligatur,
2017 2772 2339 2847 quantum
2385 2765 2608 2829 damni
2653 2766 2941 2846 dederit,

629 2870 745 2933 sed
779 2868 1135 2952 aliquando
1174 2869 1372 2951 longe
1408 2868 1649 2951 pluris:
1697 2868 1978 2950 ideoque
2015 2878 2274 2932 constat
2316 2869 2384 2931 in
2427 2868 2740 2933 heredem
2775 2892 2938 2934 eam

628 2973 955 3037 actionem
988 2994 1121 3037 non
1144 2973 1437 3047 transire,
1463 2992 1636 3059 quae
1665 2972 2019 3036 transitura
2049 2971 2296 3048 fuisset,
2321 2972 2375 3035 si
2410 2971 2580 3035 ultra
2609 2974 2937 3039 damnum

700 3205 729 3270 §
757 3205 816 3257 6.
853 3206 935 3257 As
960 3220 997 3259 a
1019 3204 1249 3273 general
1274 3204 1391 3257 rule
1418 3202 1513 3257 the
1540 3202 1770 3272 penalty
1795 3201 1860 3256 of
1875 3203 1974 3257 the
1999 3203 2089 3257 lex
2116 3201 2346 3273 Aquilia
2367 3220 2482 3257 was
2508 3200 2770 3259 incurred
2793 3208 2934 3277 only

626 3286 703 3355 by
745 3285 986 3355 positive
1034 3297 1156 3341 acts
1199 3286 1265 3340 of
1299 3285 1664 3341 commission
1689 3304 1701 3339 :
1743 3284 1904 3343 ‘sunt
1944 3304 2127 3356 casus,
2173 3286 2378 3357 quibus
2428 3297 2614 3343 cessat
2661 3289 2930 3359 Aquiliae

627 3369 777 3424 actio
805 3412 817 3425 .
844 3411 857 3425 .
886 3411 899 3425 .
929 3408 944 3424 .
966 3386 1103 3423 nam
1139 3368 1233 3440 qui
1268 3386 1465 3438 agrum
1503 3385 1618 3424 non
1656 3368 1982 3439 proscindit,
2021 3370 2116 3441 qui
2155 3370 2298 3425 vites
2335 3387 2450 3425 non
2487 3371 2746 3440 subserit,
2785 3372 2925 3427 item

627 3468 901 3522 aquarum
928 3452 1128 3507 ductus
1154 3451 1435 3522 corrumpi
1461 3451 1686 3522 patitur,
1712 3453 1836 3521 lege
1861 3453 2089 3524 Aquilia
2111 3470 2226 3508 non
2253 3455 2504 3509 tenetur’
2531 3454 2664 3524 Dig.
2691 3468 2739 3522 7.
2769 3470 2811 3511 1.
2843 3472 2928 3524 13.

626 3550 675 3588 2.
753 3536 863 3589 But
902 3537 1085 3590 where
1121 3553 1156 3589 a
1192 3552 1397 3605 person
1436 3536 1550 3590 had
1588 3552 1730 3590 once
1768 3537 2139 3591 commenced
2169 3554 2206 3591 a
2238 3553 2438 3592 course
2475 3536 2540 3591 of
2567 3537 2773 3606 action,
2801 3556 2924 3595 ces-

628 3616 811 3673 sation
830 3618 896 3671 of
907 3618 1088 3673 which
1110 3619 1293 3673 would
1322 3619 1393 3675 be
1414 3618 1724 3673 disastrous
1745 3620 1878 3688 (e.g.
1899 3621 1995 3675 the
2020 3637 2153 3675 case
2179 3620 2235 3674 in
2257 3620 2354 3675 the
2373 3619 2534 3689 text),
2550 3637 2624 3677 an
2645 3621 2920 3680 omission

625 3700 873 3755 entailed
899 3700 1151 3771 liability,
1180 3702 1310 3771 Dig.
1338 3717 1389 3771 9.
1418 3718 1467 3755 2.
1493 3704 1541 3757 8.
1570 3719 1654 3771 pr.
1679 3722 1694 3768 3
1733 3702 1810 3757 ib.
1839 3714 1920 3769 27.
1949 3718 1984 3773 9
2012 3722 2026 3769 ;
2061 3704 2137 3758 ib.
2165 3718 2248 3771 3¹·

697 3785 725 3851 §
755 3787 807 3839 ’1.
851 3784 1142 3853 Imperitia
1166 3785 1223 3838 in
1251 3802 1522 3853 surgeons
1549 3784 1597 3839 is
1624 3786 1843 3840 treated
1867 3803 1932 3841 as
1958 3788 2126 3856 culpa
2149 3787 2270 3840 also
2295 3786 2352 3843 in
2382 3786 2514 3857 Dig.
2535 3802 2586 3857 9.
2609 3802 2658 3841 2.
2684 3800 2732 3853 7.
2756 3790 2789 3843 8
2815 3808 2829 3854 ς
2866 3788 2924 3844 in

624 3866 911 3936 artificers,
939 3868 1014 3921 ib.
1040 3880 1123 3935 27.
1154 3883 1256 3937 29;
1297 3868 1411 3921 and
1437 3884 1737 3937 assessors,
1767 3868 1900 3939 Dig.
1925 3884 1975 3925 2.
2003 3886 2054 3925 2.
2081 3886 2114 3925 2
2140 3890 2152 3923 :
2198 3870 2268 3925 cf.
2294 3871 2392 3926 the
2417 3880 2550 3925 next
2576 3871 2817 3927 section.

696 3952 725 4017 §
753 3955 812 4006 8.
852 3950 867 3979 ‘
885 3952 937 4004 N
944 3968 1011 4005 ec
1052 3950 1275 4006 videtur
1315 3950 1586 4021 iniquum,
1632 3952 1679 4006 si
1731 3952 2026 4008 infirmitas
2071 3954 2271 4023 culpae
2321 3954 2738 4024 adnumeretur,
2789 3973 2919 4017 cum

623 4032 887 4089 affectare
931 4034 1055 4104 quis
1097 4050 1213 4089 non
1250 4034 1475 4103 debeat,
1515 4032 1573 4089 in
1619 4052 1734 4106 quo
1778 4036 1866 4091 vel
1911 4036 2182 4093 intellexit
2221 4038 2312 4091 vel
2355 4036 2682 4109 intellegere
2730 4038 2918 4109 debet,

622 4115 1007 4173 infirmitatem
1032 4134 1195 4173 suam
1220 4116 1312 4173 alii
1340 4116 1714 4186 periculosam
1739 4118 1986 4173 futuram
2003 4121 2016 4148 '
2045 4118 2174 4188 Dig.
2203 4134 2255 4189 9.
2282 4134 2333 4175 2.
2359 4121 2411 4175 8.
2443 4135 2484 4175 1.

696 4202 725 4268 §
752 4202 807 4256 9.
846 4202 971 4256 The
996 4200 1147 4257 actio
1170 4201 1311 4271 legis
1336 4201 1597 4273 Aquiliae
1624 4219 1739 4257 was
1765 4204 1934 4271 penal
1959 4211 2058 4257 not
2083 4205 2217 4271 only
2236 4202 2322 4257 for
2338 4203 2436 4257 the
2459 4220 2664 4259 reason
2687 4204 2918 4263 noticed

621 4284 775 4351 here,
798 4284 899 4340 but
924 4285 1046 4339 also
1070 4284 1315 4340 because
1340 4287 1438 4341 the
1464 4285 1814 4356 delinquent,
1842 4286 2034 4341 unless
2059 4287 2157 4341 the
2190 4284 2441 4356 plaintifi‘¹
2456 4286 2627 4343 failed
2660 4296 2720 4343 to
2745 4305 2920 4359 prove

621 4367 712 4422 his
746 4384 895 4433 case,
920 4384 1035 4423 was
1070 4368 1339 4423 assumed
1375 4378 1435 4424 to
1468 4370 1542 4423 be
1578 4368 1939 4425 condemned
1977 4368 2124 4423 from
2157 4370 2254 4424 the
2291 4379 2478 4426 outset
2505 4370 2772 4438 (damnas
2795 4382 2921 4428 esto

598 4449 799 4519 'dare),
825 4467 890 4504 so
916 4450 1037 4505 that
1064 4448 1112 4504 if
1127 4451 1201 4505 he
1220 4468 1363 4506 were
1391 4460 1512 4507 cast
1540 4450 1597 4505 in
1620 4451 1716 4505 the
1741 4450 1852 4505 suit
1877 4451 2022 4507 after
2041 4451 2292 4521 denying
2315 4452 2406 4507 his
2429 4452 2683 4522 liability,
2703 4454 2777 4509 he
2805 4472 2919 4512 was

621 4533 978 4590 condemned
1004 4533 1061 4588 in
1088 4533 1339 4605 duplum,
1366 4534 1477 4590 Tit.
1503 4534 1553 4589 6.
1587 4549 1664 4605 19.
1695 4548 1779 4604 23.
1808 4534 1889 4590 26.
1919 4534 2032 4605 inf„
2062 4535 2240 4591 Gaius
2265 4534 2338 4590 iii.
2370 4537 2473 4590 216
2495 4556 2510 4603 ;
2547 4535 2619 4591 iv.
2643 4551 2693 4607 9.
2729 4550 2842 4605 171.
