3230 5116
533 346 657 433 136
931 352 1640 410 INSTJTUTJONUM
1669 351 1908 415 LIBRI
1948 351 2115 423 QUA
2129 350 2422 407 TTUOR.
2639 350 2769 416 [Lib.
2793 357 2831 405 1.

510 518 783 598 suerint,
844 519 1068 585 omnia
1126 518 1402 604 pristina
1469 518 1609 583 iura
1669 517 2008 601 recipiunt.
2106 516 2347 582 idcirco
2407 537 2703 580 reversus
2763 525 2832 580 et

527 623 769 688 liberos
824 623 1098 687 habebit
1157 624 1226 687 in
1287 631 1640 707 potestate,
1690 623 1846 705 quia
1905 621 2382 705 postliminium
2437 620 2627 705 fingit
2679 642 2831 685 eum

510 728 641 811 -qui
673 736 906 812 captus
946 736 1047 793 est
1088 746 1351 812 semper
1380 726 1447 791 in
1488 725 1756 792 civitate
1787 726 2020 791 fuisse:
2059 726 2113 790 si
2155 745 2311 789 vero
2343 725 2432 788 ibi
2465 726 2834 804 decesserit,

531 832 793 908 exinde,
823 852 911 895 ex
953 851 1087 915 quo
1126 841 1361 915 captus
1403 839 1506 894 est
1548 839 1756 914 pater,
1791 829 1963 893 filius
2003 830 2102 893 sui
2145 829 2298 893 iuris
2328 828 2529 893 fuisse
2557 829 2834 893 videtur.

529 934 673 1018 ipse
696 954 961 1017 quoque
992 934 1160 998 filius
1192 954 1482 1018 neposve
1510 935 1563 997 si
1596 934 1684 998 ab
1714 933 2011 998 hostibus
2039 942 2273 1017 captus
2297 933 2509 1008 suerit,
2535 931 2836 996 similiter

529 1038 810 1103 dicimus
854 1046 1123 1122 propter
1152 1040 1251 1103 ius
1294 1038 1685 1122 postliminii
1729 1037 1828 1101 ius
1866 1058 2126 1121 quoque
2156 1037 2506 1121 potestatis
2545 1037 2835 1121 parentis

530 1142 598 1205 in
628 1162 946 1226 suspenso
993 1162 1156 1207 esse.
1248 1144 1498 1207 dictum
1532 1150 1634 1207 est
1663 1152 1891 1207 autem
1921 1140 2398 1224 postliminium
2435 1164 2476 1206 a
2511 1141 2738 1206 limine
2767 1150 2834 1206 et

530 1255 702 1330 post,
745 1255 819 1309 ut
864 1266 1033 1324 eum,
1071 1247 1182 1329 qui
1224 1246 1311 1310 ab
1355 1246 1657 1310 hostibus
1700 1256 1934 1328 captus
1979 1245 2046 1308 in
2092 1244 2256 1310 fines
2301 1254 2558 1324 nostros
2601 1255 2838 1329 postea

531 1348 846 1431 pervenit,
898 1350 1308 1432 postliminio
1363 1369 1694 1414 reversum
1746 1357 1924 1414 recte
1977 1348 2274 1413 dicimus.
2393 1369 2546 1412 nam
2607 1350 2838 1415 limina

531 1452 699 1519 sicut
740 1452 806 1515 in
838 1453 1147 1517 domibus
1189 1453 1387 1517 finem
1431 1454 1763 1537 quendam
1794 1452 2058 1530 faciunt,
2097 1453 2191 1517 sic
2233 1461 2300 1517 et
2340 1453 2595 1537 imperii
2628 1454 2830 1518 finem

532 1554 734 1621 limen
781 1578 925 1621 esse
964 1567 1220 1622 veteres
1257 1559 1618 1622 voluerunt.
1709 1558 1862 1623 hinc
1903 1567 1973 1622 et
2017 1558 2208 1621 limes
2250 1558 2466 1621 dictus
2503 1567 2604 1623 est
2647 1558 2836 1640 quasi

532 1658 681 1724 finis
725 1660 995 1743 quidam
1041 1670 1109 1727 et
1152 1662 1490 1728 terminus,
1580 1663 1667 1726 ab
1713 1682 1792 1726 eo
1843 1661 2322 1745 postliminium
2367 1663 2637 1737 dictum,
2683 1662 2838 1744 quia

535 1764 771 1828 eodem
804 1764 1031 1829 limine
1066 1768 1529 1841 revertebatur,
1559 1787 1693 1851 quo
1723 1767 2004 1832 amissus
2035 1776 2196 1829 erat.
2257 1766 2374 1830 sed
2408 1776 2476 1830 et
2506 1766 2618 1850 qui
2649 1767 2840 1830 victis

474 1868 511 1925 6
533 1869 833 1933 hostibus
879 1881 1313 1954 recuperatur,
1358 1871 1766 1954 postliminio
1803 1872 2072 1936 rediisse
2118 1869 2552 1935 existimatur.
2645 1870 2840 1934 Prae-

534 1982 719 2038 terea
790 1975 1317 2057 emancipatione
1393 1996 1658 2059 quoque
1728 1974 2040 2040 desinunt
2108 1973 2296 2039 liberi
2372 1974 2439 2038 in
2505 1984 2840 2058 potestate

535 2085 883 2160 parentum
940 2098 1102 2144 esse.
1178 2080 1294 2143 sed
1365 2099 1444 2143 ea
1506 2078 1945 2162 emancipatio
1996 2087 2195 2143 antea
2253 2079 2522 2162 quidem
2567 2078 2671 2143 vel
2722 2100 2842 2163 per

534 2182 878 2263 antiquam
938 2182 1103 2264 legis
1163 2183 1690 2248 observationem
1743 2184 2160 2266 procedebat,
2213 2203 2383 2265 quae
2441 2203 2559 2266 per
2611 2182 2842 2265 imagi-

537 2286 753 2349 narias
801 2286 1217 2350 venditiones
1279 2295 1347 2350 et
1406 2288 1891 2351 intercedentes
1945 2288 2491 2351 manumissiones
2550 2286 2841 2353 celebra-

534 2388 747 2466 batur,
775 2386 882 2450 vel
914 2408 1003 2451 ex
1035 2389 1358 2473 imperiali
1391 2391 1726 2473 rescripto.
1807 2400 2032 2455 nostra
2069 2400 2290 2454 autem
2328 2392 2740 2474 providentia
2775 2401 2845 2456 et

536 2646 803 2716 ordinary
828 2645 1269 2703 circumstances
1304 2647 1488 2702 would
1526 2648 1674 2702 have
1711 2647 1856 2701 been
1895 2647 2201 2718 destroyed
2239 2647 2337 2717 (by
2361 2647 2656 2717 captivity)
2697 2665 2843 2703 were

536 2732 752 2801 merely
776 2731 1103 2800 suspended
1137 2731 1225 2804 fot
1262 2749 1335 2788 an
1374 2731 1667 2786 indefinite
1704 2730 1860 2799 time,
1897 2730 2040 2786 until
2077 2732 2174 2786 the
2213 2747 2554 2787 occurrence
2589 2732 2654 2786 of
2681 2747 2844 2788 some

538 2823 724 2868 event.
804 2815 857 2869 It
880 2813 987 2869 has
1013 2823 1125 2870 two
1150 2823 1396 2886 aspectS‚
1421 2812 1648 2885 passive
1685 2814 1802 2869 and
1815 2815 2031 2869 active.
2067 2835 2072 2840 ·
2107 2816 2174 2869 In
2201 2815 2298 2870 the
2322 2815 2547 2883 former,
2575 2831 2611 2869 a
2635 2831 2844 2886 person

538 2895 847 2967 returning,
874 2914 939 2951 or
975 2914 1011 2952 a
1046 2897 1210 2969 thing
1232 2898 1556 2967 recovered,
1580 2898 1727 2953 from
1761 2897 2034 2969 captivity
2059 2897 2108 2955 is
2133 2899 2388 2955 restored
2425 2909 2485 2953 to
2523 2899 2620 2954 the
2655 2916 2848 2970 power

540 2980 599 3036 in
640 2979 825 3035 which
871 2981 945 3036 he
984 2999 1051 3036 or
1084 2981 1139 3052 §t
1180 3000 1296 3037 was
1339 2982 1603 3053 previous
1645 2991 1705 3036 to
1747 2982 1845 3037 the
1889 2993 2160 3052 capture:
2197 3000 2247 3038 e.
2266 2999 2322 3052 g.
2357 2983 2474 3038 free
2511 2999 2750 3054 persons
2787 2981 2846 3038 in

539 3081 733 3137 power
771 3064 899 3136 (Bk.
926 3065 982 3120 ii.
1016 3080 1058 3122 1.
1094 3079 1154 3134 17
1183 3065 1325 3136 int),
1362 3068 1565 3135 slaves,
1590 3065 1746 3134 land,
1773 3066 1950 3138 shipS,
1976 3067 2192 3136 horses‚
2229 3066 2346 3122 and
2370 3067 2569 3134 muleS,
2599 3065 2732 3138 Dig.
2757 3081 2844 3137 49.

545 3161 627 3218 15.
655 3164 703 3204 2.
733 3163 764 3217 3
790 3149 907 3204 and
940 3164 1020 3220 19.
1052 3165 1133 3218 ιο,
1175 3149 1293 3206 Cic.
1320 3152 1465 3220 Top.
1493 3150 1540 3205 8.
1621 3151 1689 3204 In
1724 3149 1796 3204 its
1833 3149 2019 3205 active
2056 3161 2270 3220 aspect,
2296 3167 2332 3206 a
2357 3167 2564 3220 person
2589 3152 2716 3206 who
2741 3151 2846 3206 has

538 3232 687 3288 been
727 3232 784 3287 in
824 3233 1097 3303 captivity
1122 3250 1382 3289 recovers
1422 3234 1496 3288 all
1533 3232 1624 3288 his
1660 3232 1924 3302 previous
1951 3233 2148 3302 rightS,
2173 3233 2450 3304 provided
2479 3233 2556 3303 (1)
2585 3234 2707 3288 that
2734 3233 2846 3288 this

540 3332 657 3370 was
696 3316 792 3370 the
829 3315 1109 3372 intention
1148 3317 1214 3372 of
1242 3317 1332 3372 his
1368 3326 1577 3385 return,
1623 3316 1754 3385 Dig.
1792 3330 1876 3384 49.
1913 3328 1992 3385 15.
2025 3328 2070 3385 5.
2098 3329 2167 3384 3:
2221 3315 2298 3384 (2)
2341 3317 2465 3371 that
2502 3317 2576 3371 he
2612 3314 2714 3370 did
2745 3326 2846 3372 not

542 3397 749 3466 desert,
771 3413 837 3452 or
858 3399 1197 3468 voluntarily
1214 3399 1531 3467 surrender‚
1552 3415 1619 3453 or
1642 3415 1757 3452 was
1783 3410 1883 3452 not
1909 3398 2284 3454 surrendered
2303 3399 2380 3468 by
2401 3400 2497 3454 the
2527 3407 2710 3454 state:
2750 3397 2782 3453 i.
2795 3416 2847 3454 e.

540 3481 616 3535 he
642 3489 793 3534 must
818 3480 966 3536 have
991 3481 1136 3536 been
1168 3481 1323 3536 bona
1356 3481 1468 3535 fide
1503 3479 1777 3550 captured
1803 3478 1937 3534 with
1975 3497 2128 3534 arms
2156 3479 2214 3534 in
2248 3480 2338 3535 his
2363 3480 2549 3535 hands
2573 3499 2586 3535 τ
2624 3481 2740 3536 and
2768 3481 2846 3551 (3)

542 3561 667 3618 that
704 3562 803 3617 the
840 3571 1031 3618 return
1069 3563 1170 3618 did
1206 3573 1305 3620 not
1344 3564 1476 3618 take
1509 3564 1674 3633 place
1711 3561 1917 3632 during
1943 3579 2016 3617 an
2042 3563 2345 3633 armistice,
2375 3563 2505 3633 Dig.
2534 3578 2622 3634 49.
2655 3578 2735 3635 15.
2768 3580 2847 3636 19.

550 3662 592 3702 1.
674 3647 741 3699 In
782 3645 977 3702 Gaius'
1013 3647 1150 3702 time
1188 3648 1284 3702 the
1320 3656 1484 3702 exact
1508 3644 1758 3717 position
1789 3646 1855 3701 of
1883 3647 2136 3702 children
2169 3649 2360 3702 whose
2397 3648 2582 3702 father
2618 3646 2752 3704 died
2789 3647 2848 3704 in

545 3727 819 3800 captivity
846 3747 960 3784 was
986 3739 1086 3784 not
1114 3729 1319 3784 settled
1346 3749 1358 3784 :
1400 3729 1415 3758 ‘
1432 3729 1479 3784 si
1507 3745 1644 3784 vero
1680 3728 1794 3785 illic
1831 3739 2086 3786 mortuus
2113 3729 2204 3800 sit,
2231 3741 2393 3786 erunt
2419 3730 2650 3800 quidem
2686 3732 2847 3788 liberi

545 3811 631 3866 sui
658 3809 811 3881 iuriS,
839 3812 943 3867 sed
968 3822 1155 3867 utrum
1180 3829 1251 3868 ex
1275 3813 1385 3867 hoc
1412 3823 1668 3882 tempore
1694 3829 1808 3882 quo
1833 3821 2088 3867 mortuus
2114 3822 2200 3867 est
2226 3813 2379 3883 apud
2404 3814 2600 3869 hostes
2625 3832 2850 3886 parenS,

543 3911 619 3950 an
648 3911 718 3950 ex
755 3893 851 3950 illo
878 3912 995 3966 quo
1028 3896 1103 3951 ab
1140 3895 1398 3951 hostibus
1432 3905 1633 3966 captus
1671 3905 1776 3965 est,
1802 3895 2046 3951 dubitari
2082 3906 2275 3967 potest
2297 3899 2311 3926 '
2337 3897 2374 3952 i.
2407 3912 2519 3967 129.
2594 3899 2719 3954 The
2753 3900 2852 3956 de-

544 3978 786 4034 rivation
824 3980 889 4034 of
918 3980 1016 4035 the
1042 3979 1197 4034 word
1234 3979 1402 4050 given
1430 3979 1487 4034 in
1515 3978 1628 4035 this
1654 3979 1872 4035 section
1899 3979 2217 4049 originated
2255 3979 2386 4036 with
2416 3981 2709 4052 Scaevola,
2733 3983 2852 4038 and

547 4079 662 4117 was
700 4063 975 4133 accepted
1012 4063 1090 4133 by
1128 4065 1349 4133 FestuS,
1390 4061 1682 4133 Boethius,
1721 4062 1836 4119 and
1877 4063 2148 4135 Isidorus,
2185 4065 2287 4120 but
2323 4065 2574 4136 rejected
2609 4066 2688 4137 by
2727 4067 2852 4123 Sub·

544 4143 744 4216 picius,
782 4144 901 4200 Cic.
927 4147 1073 4215 Top.
1100 4147 1148 4200 8.

621 4229 735 4282 For
770 4230 868 4283 the
905 4244 1176 4300 recovery
1211 4229 1277 4283 of
1305 4228 1395 4284 his
1432 4229 1611 4285 tutela
1652 4229 1729 4298 by
1766 4246 1801 4286 a
1833 4239 1984 4286 tutor
2025 4230 2207 4286 under
2249 4232 2347 4288 the
2390 4230 2477 4288 ius
2520 4231 2850 4303 postliminii

548 4327 645 4367 see
671 4310 780 4366 Tit.
809 4326 895 4366 20.
924 4326 975 4366 2.
1000 4310 1094 4367 inf.
1124 4331 1141 4379 ς
1176 4312 1292 4367 and
1316 4312 1403 4368 for
1428 4313 1525 4369 the
1551 4312 1898 4384 application
1923 4313 1990 4368 of
2006 4313 2104 4370 the
2129 4315 2387 4371 doctrine
2412 4325 2472 4372 to
2497 4325 2851 4387 testaments,

550 4395 653 4448 Bk.
684 4392 740 4447 ii.
774 4407 853 4449 12.
885 4407 912 4464 5
940 4393 1035 4450 ins.

620 4477 649 4546 §
678 4480 733 4536 6.
775 4477 1216 4551 Emancipation
1237 4496 1352 4536 was
1372 4490 1471 4537 not
1487 4481 1749 4537 effectual
1765 4481 1958 4538 unless
1982 4482 2142 4539 three
2167 4481 2492 4539 conditions
2517 4499 2663 4541 were
2687 4482 2852 4540 satis-
