3230 5116
551 407 679 476 522
963 404 1112 459 INS
1113 404 1258 459 TIT
1263 403 1531 460 UTION
1536 403 1667 457 UM
1700 402 1941 458 LIBRI
1978 403 2451 475 QUATTUOR.
2624 406 2758 472 [Lib.
2781 412 2875 461 lv.

493 574 528 628 5
553 560 711 642 quia
759 558 915 641 ipsis
961 558 1038 622 fit
1083 558 1336 623 iniuria.
1427 557 1691 641 Quodsi
1726 579 1884 622 usus
1924 557 2173 623 fructus
2212 560 2279 623 in
2316 580 2504 623 servo
2545 559 2707 623 Titii
2738 571 2867 639 est,

551 666 918 746 proprietas
965 663 1212 728 Maevii
1253 673 1372 742 est,
1403 664 1618 745 magis
1666 662 1929 729 Maevio
1976 663 2209 726 iniuria
2248 664 2389 727 fieri
2436 663 2865 747 intellegitur.

492 773 528 828 6
555 765 693 830 Sed
741 768 795 829 si
840 767 1062 841 libero,
1095 768 1209 849 qui
1251 767 1372 831 tibi
1413 767 1591 830 bona
1636 766 1769 830 fide
1812 767 2029 842 servit,
2065 767 2297 831 iniuria
2328 767 2503 831 sacta
2539 769 2643 843 sit,
2676 768 2867 832 nulla

553 870 674 933 tibi
716 872 891 935 actio
929 871 1214 946 dabitur,
1247 873 1364 935 sed
1411 892 1534 935 suo
1576 872 1847 935 nomine
1887 871 1943 933 is
1980 871 2266 952 experiri
2311 872 2589 953 poterit:
2635 873 2760 935 nisi
2794 874 2865 935 in

552 974 1021 1038 contumeliam
1065 984 1250 1039 tuam
1299 973 1600 1057 pulsatus
1652 974 1755 1053 sit,
1808 984 1966 1039 tunc
2012 974 2190 1037 enim
2244 976 2565 1057 competit
2614 985 2684 1039 et
2735 976 2865 1038 tibi

552 1078 931 1142 iniuriarum
971 1080 1164 1143 actio·
1255 1080 1431 1143 idem
1479 1100 1639 1161 ergo
1681 1090 1783 1143 est
1828 1088 1897 1143 et
1938 1078 2004 1141 in
2044 1098 2231 1143 servo
2270 1078 2490 1143 alieno
2520 1079 2695 1143 bona
2726 1079 2865 1143 fide

553 1182 674 1245 tibi
705 1183 1044 1261 serviente,
1075 1192 1150 1247 ut
1187 1184 1431 1247 totiens
1473 1184 1868 1247 admittatur
1908 1182 2285 1246 iniuriarum
2326 1183 2519 1260 actio,
2554 1184 2863 1265 quotiens

553 1288 620 1349 in
657 1295 843 1350 tuam
873 1287 1342 1351 contumeliam
1375 1288 1608 1351 iniuria
1636 1287 1696 1351 ei
1728 1286 1907 1351 facta
1936 1287 2041 1350 sit.

495 1402 529 1455 7
644 1390 867 1454 Poena
935 1401 1161 1455 autem
1236 1391 1613 1455 iniuriarum
1682 1412 1771 1455 ex
1846 1391 1993 1472 lege
2052 1390 2404 1455 duodecim
2480 1391 2863 1455 tabularum

554 1504 825 1577 propter
856 1495 1222 1558 membrum
1261 1496 1531 1577 quidem
1569 1504 1839 1578 ruptum
1870 1495 2033 1599 talio
2070 1505 2248 1560 erat:
2295 1506 2566 1578 propter
2596 1517 2671 1560 os
2699 1516 2863 1559 vero

554 1599 835 1662 fractum
885 1599 1291 1662 nummariae
1321 1619 1578 1681 poenae
1622 1610 1809 1664 erant
1839 1600 2239 1665 constitutae
2272 1602 2459 1683 quasi
2506 1602 2573 1663 in
2616 1622 2863 1685 magna

554 1712 852 1766 veterum
894 1712 1304 1785 paupertate.
1394 1706 1510 1769 sed
1553 1715 1791 1786 postea
1820 1714 2157 1786 praetores
2188 1706 2663 1788 permittebant
2699 1707 2863 1787 ipsis

553 1807 668 1888 qui
715 1808 1012 1871 iniuriam
1066 1807 1244 1889 passi
1303 1817 1457 1871 sunt
1507 1828 1657 1872 eam
1707 1810 2075 1888 aestimare,
2128 1819 2201 1872 ut
2262 1810 2471 1873 iudex
2520 1810 2629 1874 vel
2687 1810 2862 1873 tanti

556 1912 974 1989 condemnet,
1022 1912 1254 1992 quanti
1301 1912 1601 1977 iniuriam
1649 1933 1880 1995 passus
1924 1914 2389 1992 aestimaverit,
2438 1914 2543 1977 vel
2588 1914 2863 1978 minoris

556 2025 752 2098 prout
799 2015 860 2078 ei
901 2015 1116 2078 visum
1153 2015 1363 2079 suerit.
1453 2016 1572 2079 sed
1629 2036 1845 2098 poena
1890 2017 2159 2098 quidem
2219 2018 2508 2095 iniuriae,
2553 2038 2724 2100 quae
2768 2038 2863 2080 ex

557 2120 704 2202 lege
763 2118 1116 2183 duodecim
1177 2118 1554 2183 tabularum
1614 2120 1991 2183 introducta
2050 2130 2169 2199 est,
2231 2122 2297 2183 in
2358 2122 2861 2185 desuetudinem

555 2223 755 2287 abiit:
802 2243 1003 2306 quam
1048 2234 1274 2287 autem
1320 2232 1657 2305 praetores
1704 2226 2229 2304 introduxerunt,
2274 2245 2447 2307 quae
2494 2226 2693 2288 etiam
2739 2225 2861 2288 ho·

558 2328 815 2391 noraria
869 2327 1260 2409 appellatur,
1308 2327 1374 2390 in
1421 2328 1675 2392 iudiciis
1719 2327 2194 2410 frequentatur.
2282 2349 2439 2395 nam
2494 2330 2859 2393 secundum

554 2431 835 2513 gradum
885 2430 1227 2513 dignitatis
1269 2431 1576 2513 vitaeque
1629 2432 2050 2496 honestatem
2095 2434 2328 2497 crescit
2376 2442 2493 2495 aut
2548 2433 2864 2497 minuitur

555 2533 932 2597 aestimatio
983 2533 1286 2598 iniuriae:
1336 2535 1450 2617 qui
1502 2534 1748 2618 gradus
1794 2532 2371 2600 condemnationis
2416 2546 2484 2600 et
2530 2537 2597 2599 in
2640 2535 2861 2600 servili

555 2657 838 2720 persona
869 2659 1000 2702 non
1033 2638 1361 2703 immerito
1399 2648 1712 2715 servatur,
1744 2651 1818 2703 ut
1858 2641 2037 2705 aliud
2076 2642 2143 2705 in
2180 2661 2371 2704 servo
2406 2653 2647 2720 actore,
2675 2641 2861 2705 aliud

554 2743 620 2805 in
657 2742 854 2805 medii
893 2751 1080 2806 actus
1119 2742 1404 2822 homine,
1436 2743 1619 2807 aliud
1662 2745 1727 2807 in
1775 2745 2093 2808 vilissimo
2132 2745 2241 2808 vel
2282 2747 2664 2828 compedito
2703 2765 2860 2810 con-

547 3021 725 3094 judge
755 3021 958 3076 should
993 3021 1254 3077 consider
1287 3032 1386 3077 not
1420 3023 1553 3091 only
1579 3023 1677 3077 the
1720 3023 1933 3090 shareS,
1960 3024 2061 3078 but
2095 3024 2217 3078 also
2256 3025 2352 3078 the
2378 3023 2641 3092 dignitas,
2667 3023 2731 3077 os
2760 3024 2861 3078 the

548 3105 696 3175 joint
731 3122 987 3160 owners:
1025 3122 1089 3160 so
1125 3107 1247 3159 that
1285 3105 1335 3158 if
1363 3123 1400 3160 a
1436 3123 1592 3160 more
1629 3106 1977 3161 honourable
2012 3106 2127 3160 and
2152 3124 2189 3161 a
2212 3109 2325 3161 less
2353 3106 2699 3162 honourable
2724 3123 2859 3161 man

551 3206 680 3243 own
717 3205 753 3242 a
790 3189 944 3243 slave
981 3187 1038 3242 in
1078 3187 1352 3257 moietieS‚
1379 3189 1494 3242 and
1532 3187 1629 3243 the
1671 3189 1879 3242 former
1904 3189 2070 3244 could
2109 3206 2341 3244 recover
2370 3191 2509 3244 100l.
2537 3190 2585 3243 if
2607 3190 2679 3243 he
2712 3206 2859 3244 were

555 3273 676 3327 sole
713 3272 994 3340 dominus,
1033 3272 1198 3326 while
1236 3272 1332 3326 the
1369 3273 1551 3340 latter,
1590 3272 1771 3326 under
1805 3273 1902 3327 the
1936 3289 2095 3327 same
2132 3273 2506 3343 supposition,
2544 3273 2726 3327 would
2762 3283 2859 3342 get

554 3358 689 3425 only
729 3357 852 3425 sol„
890 3357 987 3410 the
1024 3355 1200 3426 judge
1237 3357 1415 3425 ought
1457 3366 1516 3410 to
1553 3355 1743 3410 award
1791 3356 1894 3425 sol.
1939 3366 1997 3411 to
2034 3357 2132 3412 the
2170 3374 2296 3427 one,
2341 3357 2457 3412 and
2502 3357 2611 3428 25l.
2656 3367 2715 3412 to
2759 3358 2857 3412 the

554 3441 735 3495 other.

629 3519 657 3591 §
686 3525 740 3575 5.
783 3522 893 3575 But
931 3521 980 3575 if
1008 3522 1105 3576 the
1144 3521 1314 3577 insult
1340 3540 1456 3578 was
1495 3521 1767 3577 intended
1804 3531 1865 3577 to
1902 3523 1974 3578 be
2011 3522 2225 3578 offered
2262 3532 2321 3577 to
2356 3522 2558 3591 Titum,
2582 3524 2655 3579 he
2688 3523 2857 3578 could

555 3622 674 3672 sue,
703 3603 832 3672 Dig.
861 3617 944 3670 47.
982 3620 1061 3658 10.
1096 3618 1174 3674 15.
1203 3619 1290 3672 47.

631 3685 738 3757 §⁹¹1.
778 3689 866 3741 To
903 3689 1142 3742 fractum
1182 3688 1360 3743 Gaius
1388 3687 1484 3756 (iii.
1515 3688 1640 3757 223)
1674 3689 1818 3743 adds
1860 3689 1985 3744 ‘aut
2022 3689 2315 3744 collisum)
2391 3689 2515 3744 The
2554 3688 2858 3744 difference

555 3771 809 3826 between
837 3772 1153 3825 membrum
1192 3783 1416 3842 ruptum
1452 3773 1567 3826 and
1604 3789 1671 3825 os
1704 3773 1946 3827 fractum
1985 3772 2031 3826 is
2068 3783 2167 3827 not
2206 3774 2373 3842 clear,
2399 3773 2516 3841 but,
2543 3773 2592 3826 if
2617 3791 2699 3827 we
2725 3789 2857 3842 may

555 3856 673 3924 rely
700 3870 774 3908 on
800 3855 896 3907 the
922 3853 1348 3924 interpretation
1374 3855 1438 3907 of
1466 3865 1692 3924 ruptum
1722 3857 1900 3910 under
1924 3857 2019 3910 the
2045 3857 2133 3910 lex
2160 3856 2386 3926 Aquilia
2416 3873 2481 3911 as
2516 3866 2856 3926 corruptum,

556 3939 653 3992 the
679 3938 888 3992 former
913 3936 960 3991 is
987 3937 1258 3992 intended
1295 3948 1352 3992 to
1377 3954 1606 4007 express
1643 3951 1977 4008 permanent
2004 3940 2395 3994 disablement.
2473 3941 2596 3994 The
2630 3941 2859 4009 penalty

557 4021 614 4075 in
642 4021 781 4074 such
808 4037 968 4075 cases
997 4021 1115 4089 (the
1141 4021 1400 4076 exaction
1427 4021 1491 4076 of
1509 4022 1693 4076 which
1726 4039 1841 4076 was
1879 4023 2180 4092 permitted
2214 4024 2291 4092 by
2314 4025 2410 4078 the
2442 4034 2651 4078 statute
2677 4033 2736 4078 to
2761 4023 2859 4078 the

556 4112 781 4159 nearest
818 4104 1050 4158 relative
1077 4105 1140 4158 of
1173 4105 1268 4159 the
1294 4105 1515 4174 injured
1549 4123 1775 4176 person,
1804 4105 2044 4161 ‘talione
2081 4106 2367 4176 proximus
2392 4119 2668 4177 cognatus
2692 4107 2861 4161 ulcis·

557 4187 731 4242 citur’
757 4187 900 4242 Cato
939 4187 996 4242 in
1037 4187 1288 4242 Priscian
1317 4189 1368 4244 6.
1398 4191 1523 4259 710)
1552 4207 1667 4244 was
1702 4207 1738 4244 a
1772 4189 1909 4245 limb
1936 4190 2022 4244 for
2047 4208 2083 4245 a
2105 4190 2242 4244 limb
2280 4191 2414 4260 only
2439 4191 2487 4244 if
2516 4192 2613 4244 the
2646 4189 2857 4260 parties

557 4289 702 4327 were
729 4272 935 4327 unable
961 4281 1020 4326 to
1040 4288 1208 4341 agree
1235 4291 1300 4327 as
1327 4282 1386 4328 to
1407 4273 1837 4343 compensation
1863 4293 1875 4329 :
1916 4274 1931 4301 ‘
1950 4274 1997 4328 si
2026 4275 2345 4329 membrum
2363 4273 2529 4344 rupit,
2556 4274 2612 4327 n'i
2637 4290 2766 4327 cum
2788 4290 2858 4328 eo

558 4355 726 4426 pacit,
753 4355 888 4410 talio
915 4365 1038 4410 esto
1054 4357 1068 4384 ²
1094 4357 1341 4425 (Twelve
1368 4358 1578 4412 Tables
1615 4357 1673 4411 in
1710 4357 1937 4426 Festus)
1962 4376 1976 4427 ;
2013 4358 2113 4412 but
2153 4358 2193 4412 it
2220 4358 2404 4412 would
2430 4375 2585 4412 seem
2612 4358 2733 4411 that
2760 4358 2859 4411 the

557 4439 888 4510 delinquent
914 4440 1082 4494 could
1117 4441 1282 4495 resist
1322 4441 1456 4496 talio
1496 4441 1543 4496 if
1569 4442 1642 4496 he
1676 4442 1927 4511 pleased,
1954 4442 2068 4496 and
2106 4440 2269 4496 insist
2295 4458 2369 4495 on
2395 4459 2431 4496 a
2450 4440 2683 4510 judicial
2709 4440 2858 4495 fine:

561 4520 638 4578 ‘si
675 4541 820 4594 reuS,
855 4523 950 4594 qui
985 4523 1271 4593 depacisci
1309 4525 1582 4596 noluerat,
1610 4524 1781 4582 iudici
1818 4526 2087 4581 talionem
2123 4524 2422 4598 imperanti
2454 4541 2569 4579 non
2602 4524 2859 4594 parebat,
