3230 5116
538 422 663 472 212
944 410 1650 468 INSTITUTIONUM
1684 408 1925 466 LIBRI
1962 408 2435 482 QUATTUOR.
2626 409 2841 476 [Lib.11.

535 578 681 662 ipso
711 598 832 642 usu
865 585 1376 643 consumuntur:
1424 595 1578 640 nam
1615 595 1734 640 eae
1776 595 1993 658 neque
2022 573 2305 638 naturali
2336 571 2592 638 ratione
2623 593 2840 656 neque

534 683 706 746 civili
736 681 1058 764 recipiunt
1087 701 1280 745 usum
1311 681 1618 744 fructum.
1693 700 1827 762 quo
1867 698 2141 742 numero
2175 687 2332 742 sunt
2360 677 2587 741 vinum
2618 676 2839 741 oleum

531 786 934 851 frumentum
954 786 1368 851 vestimenta.
1415 785 1655 867 quibus
1677 784 1985 868 proxima
2014 791 2117 847 est
2146 783 2427 865 pecunia
2456 791 2837 848 numerata:

536 911 823 974 namque
863 891 930 955 in
967 889 1114 973 ipso
1164 912 1285 956 usu
1338 889 1618 954 adsidua
1661 887 2146 972 permutatione
2182 887 2682 970 quodammodo
2720 907 2839 951 ex-

533 995 872 1077 tinguitur.
959 994 1076 1059 sed
1129 993 1432 1058 utilitatis
1481 1013 1681 1058 causa
1733 1001 2002 1057 senatus
2062 992 2319 1056 censuit
2378 1011 2576 1075 posse
2638 991 2840 1056 etiam

535 1118 760 1164 earum
809 1119 1026 1163 rerum
1076 1118 1270 1162 usum
1322 1096 1609 1161 fructum
1660 1095 1987 1174 constitui,
2040 1104 2115 1160 ut
2162 1103 2390 1160 tamen
2439 1115 2521 1159 eo
2574 1095 2842 1160 nomine

533 1203 759 1268 heredi
790 1201 1036 1267 utiliter
1065 1211 1393 1267 caveatur.
1438 1203 1665 1285 itaque
1688 1202 1742 1265 si
1773 1202 2090 1285 pecuniae
2122 1221 2277 1266 usus
2306 1199 2550 1265 fructus
2582 1201 2841 1282 legatus

535 1307 638 1384 sit,
672 1307 766 1372 ita
796 1307 992 1371 datur
1021 1305 1358 1389 legatario,
1377 1315 1451 1370 ut
1483 1306 1622 1370 eius
1652 1305 1788 1384 fiat,
1818 1314 1887 1370 et
1917 1305 2271 1388 legatarius
2300 1305 2582 1369 satisdat
2612 1304 2840 1369 heredi

533 1410 622 1475 de
657 1419 846 1474 tanta
872 1412 1150 1494 pecunia
1181 1410 1602 1487 restituenda,
1636 1411 1690 1475 si
1722 1409 2039 1474 morietur
2075 1419 2192 1474 aut
2232 1409 2449 1493 capite
2492 1410 2840 1473 minuetur.

535 1524 796 1580 ceterae
836 1535 1099 1598 quoque
1140 1535 1242 1578 res
1284 1514 1377 1578 ita
1419 1515 1771 1579 traduntur
1814 1513 2155 1598 legatari0,
2187 1524 2264 1577 ut
2300 1514 2441 1577 eius
2470 1513 2670 1577 fiant:
2720 1513 2839 1578 sed

533 1619 904 1684 aestimatis
948 1620 1052 1684 his
1096 1620 1471 1694 satisdatur,
1505 1630 1596 1698 ut,
1627 1621 1681 1682 si
1716 1618 2031 1683 morietur
2066 1627 2184 1683 aut
2228 1617 2446 1700 capite
2491 1617 2841 1695 minuetur,

535 1733 727 1790 tanta
769 1725 1048 1807 pecunia
1089 1725 1490 1802 restituatur,
1524 1724 1757 1807 quanti
1790 1745 1909 1790 eae
1937 1723 2178 1788 fuerint
2209 1721 2620 1787 aestimatae.
2682 1742 2841 1805 ergo

536 1839 805 1894 senatus
853 1850 987 1894 non
1029 1829 1185 1894 fecit
1239 1830 1512 1914 quidem
1567 1849 1795 1893 earum
1842 1847 2061 1893 rerum
2114 1848 2306 1893 usum
2359 1829 2640 1892 fructum
2690 1825 2841 1913 (nec

537 1933 715 1998 enim
768 1931 1078 2018 poterat),
1124 1935 1241 1998 sed
1290 1955 1412 2017 per
1453 1934 1829 1998 cautionem
1878 1933 2068 2016 quasi
2122 1951 2313 1996 usum
2354 1931 2642 1996 fructum
2686 1952 2843 1997 con-

477 2049 512 2104 3
537 2038 769 2103 stituit.
859 2037 916 2100 F
918 2039 1121 2104 initur
1149 2049 1375 2103 autem
1407 2058 1562 2102 usus
1592 2038 1843 2103 fructus
1874 2046 2089 2101 morte
2118 2036 2452 2100 fructuarii
2486 2046 2553 2101 et
2583 2035 2841 2101 duabus

533 2142 770 2225 capitis
815 2143 1397 2218 deminutionibu3‚
1432 2143 1733 2206 maxima
1776 2151 1845 2207 et
1890 2143 2127 2220 media,
2159 2149 2229 2205 et
2271 2161 2402 2205 non
2440 2142 2692 2205 utendo
2723 2161 2843 2224 per

536 2248 810 2311 modum
843 2256 911 2311 et
941 2255 1222 2330 tempus,
1247 2267 1420 2330 quae
1450 2247 1678 2310 omnia
1706 2255 1932 2310 nostra
1962 2245 2197 2310 statuit
2220 2244 2627 2310 constituti0.
2678 2246 2841 2310 item

531 2349 760 2414 finitur
810 2370 968 2414 usus
1014 2350 1280 2429 fructuS,
1327 2351 1382 2413 si
1437 2349 1712 2414 domino
1758 2349 2183 2433 proprietatis
2234 2350 2321 2413 ab
2358 2349 2840 2415 usufructuario

533 2453 807 2520 cedatur
836 2450 1019 2540 (nam
1052 2464 1371 2519 extraneo
1409 2455 1709 2519 cedendo
1738 2453 1899 2518 nihil
1933 2451 2208 2540 agitur):
2252 2453 2359 2518 vel
2392 2475 2483 2518 ex
2514 2456 2842 2519 contrario

531 2558 588 2623 si
637 2557 1029 2623 fructuarius
1073 2560 1551 2642 proprietatem
1593 2560 1685 2623 rei
1738 2558 2145 2643 adquisierit,
2188 2578 2362 2642 quae
2408 2580 2513 2624 res
2560 2560 2843 2624 consoli-

531 2662 716 2728 datio
764 2662 1158 2746 appellatur.
1221 2683 1301 2727 eo
1348 2662 1635 2746 amplius
1680 2673 1958 2743 constat,
1990 2663 2045 2729 si
2090 2665 2294 2729 aedes
2338 2664 2642 2729 incendio
2686 2685 2842 2730 con-

529 2776 840 2852 sumptae
870 2767 1111 2831 fuerint
1139 2767 1244 2831 vel
1278 2768 1481 2832 etiam
1508 2777 1724 2832 terrae
1758 2778 1943 2833 motu
1975 2777 2092 2832 aut
2112 2769 2277 2833 vitio
2308 2790 2429 2833 suo
2460 2770 2839 2847 corruerint,

531 2871 834 2955 extingui
866 2892 1060 2935 usum
1093 2870 1381 2937 fructum
1419 2881 1487 2937 et
1518 2892 1603 2936 ne
1632 2892 1832 2937 areae
1871 2873 2145 2955 quidem
2183 2893 2377 2937 usum
2408 2872 2693 2938 fructum
2726 2874 2841 2937 de·

528 3061 882 3130 introduced,
926 3060 1142 3130 though
1187 3070 1288 3115 not
1331 3060 1610 3131 precisely
1652 3060 1877 3129 known,
1923 3059 1972 3115 is
2016 3061 2307 3132 supposed
2354 3072 2415 3117 to
2464 3060 2537 3117 lie
2585 3062 2843 3118 between

532 3143 733 3201 Cicero
772 3144 868 3214 (on
909 3154 1152 3200 account
1189 3143 1256 3198 of
1287 3144 1432 3215 Top.
1472 3160 1505 3213 3
1541 3144 1558 3173 ‘
1575 3161 1693 3198 non
1738 3144 1911 3199 debet
1954 3160 2027 3199 ea
2062 3144 2278 3213 mulier,
2316 3143 2406 3199 cui
2443 3144 2529 3200 vir
2562 3146 2841 3200 bonorum

528 3244 759 3284 suorum
801 3228 1212 3283 usumfructum
1256 3226 1482 3297 legavit,
1528 3226 1688 3283 cellis
1728 3226 1962 3283 vinariis
2006 3236 2067 3283 et
2109 3228 2337 3283 oleariis
2381 3228 2565 3299 plenis
2612 3228 2841 3297 relictiS,

526 3323 728 3383 putare
769 3311 846 3367 ad
888 3328 952 3367 se
993 3311 1293 3382 pertinere,
1335 3328 1469 3366 usus
1515 3310 1687 3379 enim,
1730 3327 1848 3365 non
1892 3311 2106 3366 abusus
2145 3312 2367 3382 legatus
2406 3312 2539 3380 est')
2583 3313 2701 3368 and
2742 3313 2843 3369 the

528 3404 854 3450 enactment
881 3394 948 3449 of
962 3396 1061 3449 the
1087 3395 1176 3449 lex
1203 3394 1383 3463 Papia
1409 3394 1697 3465 Poppaea,
1724 3394 1908 3449 which
1948 3395 2103 3450 osten
2130 3395 2340 3465 speaks
2365 3395 2432 3450 of
2446 3397 2698 3453 usufruct
2722 3396 2790 3451 of
2806 3412 2843 3451 a

529 3486 656 3547 part
691 3477 758 3530 of
784 3493 820 3532 a
851 3478 1034 3532 whole
1070 3486 1358 3547 property.
1432 3478 1745 3532 Doubtless
1771 3477 1869 3533 the
1894 3476 2053 3532 main
2088 3478 2278 3548 object
2302 3479 2371 3533 of
2386 3479 2483 3535 the
2510 3478 2840 3533 innovation

530 3576 646 3615 was
688 3568 749 3614 to
797 3561 1002 3615 enable
1041 3570 1309 3616 testators
1353 3570 1414 3616 to
1449 3560 1737 3631 bequeath
1776 3578 1813 3619 a
1844 3560 2079 3631 general
2114 3561 2371 3617 usufruct
2409 3578 2545 3617 over
2580 3562 2655 3617 all
2692 3562 2841 3618 their

529 3652 813 3713 property.
889 3644 1041 3698 That
1079 3645 1177 3699 the
1213 3642 1364 3713 right
1402 3660 1518 3699 was
1551 3653 1651 3699 not
1688 3661 1725 3698 a
1760 3645 2013 3699 usufruct
2049 3660 2257 3714 proper
2298 3644 2347 3699 is
2386 3645 2537 3701 clear
2560 3645 2705 3700 from
2741 3646 2841 3701 the

531 3735 650 3782 text
689 3726 726 3795 (‘
743 3743 852 3781 nec
881 3727 1202 3781 usufructus
1236 3737 1325 3781 est
1342 3729 1355 3756 ’
1390 3727 1588 3797 fragm.
1615 3729 1749 3784 Vat.
1774 3728 1861 3798 46,
1901 3727 1918 3756 ‘
1932 3744 2047 3782 non
2086 3727 2146 3782 id
2168 3728 2451 3797 effectum,
2476 3738 2538 3784 ut
2562 3728 2841 3799 pecuniae

531 3809 882 3865 ususfructus
919 3808 1144 3880 proprie
1181 3812 1363 3865 esset’
1391 3810 1521 3878 Dig.
1551 3826 1598 3878 7.
1633 3823 1682 3881 5.
1709 3824 1757 3866 2.
1794 3812 1863 3880 1).
1938 3812 2142 3867 Under
2165 3812 2262 3866 the
2288 3813 2771 3869 senatus—consult
2797 3812 2841 3868 it

532 3892 701 3949 could
735 3894 810 3947 be
848 3892 1077 3948 created
1127 3893 1262 3963 only
1303 3892 1381 3962 by
1422 3893 1534 3948 will
1573 3893 1612 3965 (‘
1629 3904 1689 3949 ut
1739 3893 1995 3949 omnium
2045 3912 2252 3963 rerum,
2290 3911 2433 3966 quas
2470 3894 2529 3949 in
2568 3894 2841 3966 cuiusque

531 3976 875 4047 patrimonio
913 3992 1041 4031 esse
1079 3986 1384 4045 constaret,
1427 3978 1777 4033 ususfructus
1814 3978 1990 4049 legari
2027 3978 2233 4050 possit’
2273 3979 2404 4049 Dig.
2444 3992 2491 4047 7.
2530 3992 2576 4049 5.
2618 3977 2687 4048 1),
2724 3977 2842 4034 and

533 4076 650 4114 was
689 4058 1089 4129 extinguished
1127 4060 1263 4130 only
1297 4059 1377 4130 by
1415 4060 1590 4117 death
1630 4062 1747 4117 and
1788 4061 1993 4132 capitis
2034 4062 2349 4118 deminutio
2392 4063 2458 4118 of
2492 4065 2590 4119 the
2631 4079 2840 4134 person

533 4142 787 4214 entitled,
818 4144 950 4213 Dig.
977 4142 1050 4199 ib.
1078 4158 1114 4214 9
1138 4143 1254 4199 and
1285 4159 1363 4199 ιο.

609 4224 637 4297 ξ
665 4229 720 4282 8.
761 4226 886 4281 The
905 4226 1102 4297 jurists
1128 4244 1284 4282 seem
1310 4237 1370 4283 to
1394 4227 1540 4283 have
1575 4226 1879 4298 disagreed
1902 4244 1967 4283 as
1993 4238 2053 4285 to
2078 4230 2176 4284 the
2202 4229 2367 4285 effect
2392 4229 2461 4284 of
2488 4246 2561 4285 an
2599 4238 2839 4301 attempt

533 4320 595 4366 to
623 4311 762 4366 cede
786 4327 823 4364 a
847 4311 1098 4365 usufruct
1134 4320 1194 4365 to
1231 4328 1266 4365 a
1301 4309 1454 4366 third
1478 4328 1687 4383 person
1713 4332 1725 4367 :
1764 4312 1944 4367 Gaius
1976 4312 2053 4382 (ii.
2082 4312 2172 4382 30)
2201 4323 2377 4368 states
2405 4315 2503 4369 the
2527 4314 2635 4368 law
2660 4314 2717 4369 in
2740 4314 2842 4369 the

535 4412 696 4449 same
723 4411 845 4463 way
877 4408 942 4447 as
978 4393 1074 4448 the
1112 4403 1246 4463 text,
1281 4396 1398 4450 and
1434 4396 1634 4467 fragm.
1660 4397 1791 4451 Vat.
1819 4408 1884 4466 75
1913 4412 2113 4467 agrees
2142 4417 2157 4464 3
2193 4398 2295 4453 but
2329 4397 2387 4452 in
2416 4396 2555 4466 Dig.
2581 4412 2667 4465 23.
2694 4411 2743 4465 3.
2768 4396 2842 4451 66

538 4476 885 4549 Pomponius
921 4476 1106 4532 writes
1151 4478 1166 4507 ‘
1185 4478 1233 4533 si
1267 4488 1537 4534 extraneo
1577 4480 1829 4549 cedatur,
1872 4479 2013 4535 nihil
2050 4480 2127 4536 ad
2164 4497 2296 4536 eum
2332 4480 2589 4549 transire,
2624 4481 2727 4535 sed
2762 4480 2841 4535 ad

537 4561 830 4617 dominum
866 4560 1226 4633 proprietatis
1261 4578 1619 4619 reversurum
1670 4564 2113 4621 usumfructum)
2188 4566 2363 4636 Upon
2413 4564 2429 4593 ‘
2448 4574 2506 4621 et
2548 4580 2621 4619 ne
2670 4580 2839 4619 areae
