3230 5116
350 426 450 477 Tit.
476 420 577 488 18.]
1009 418 1133 473 DE
1174 417 1563 474 PUBLICIS
1604 418 1978 476 IUDICIIS.
2533 409 2674 491 607,.

349 580 692 646 infandam
738 581 1080 646 libidinem
1127 602 1439 647 exercere
1484 581 1755 646 audent.
1845 582 1963 645 sed
2006 581 2241 646 eadem
2290 582 2440 665 lege
2489 583 2658 648 Iulia

350 688 553 751 etiam
585 686 795 769 stupri
834 685 1155 769 flagitium
1198 687 1489 769 punitur,
1520 705 1672 750 cum
1715 685 1861 768 quis
1901 686 2043 749 sine
2089 685 2153 748 vi
2190 684 2299 750 vel
2333 686 2653 769 virginem

347 790 455 854 vel
506 790 775 854 viduam
829 790 1109 854 honeste
1165 790 1500 853 viventem
1555 788 1968 872 stupraverit.
2078 809 2365 872 poenam
2425 799 2655 855 autem

350 895 585 958 eadem
617 892 733 957 lex
764 893 1009 977 irrogat
1040 894 1511 976 peccatoribus,
1544 894 1598 956 si
1641 892 1902 957 honesti
1935 903 2104 971 sunt,
2140 892 2654 976 publicationem

347 998 554 1082 partis
613 998 929 1063 dimidiae
980 998 1323 1077 bonorum,
1369 1000 1426 1061 si
1484 997 1786 1078 humiles»,
1841 999 2130 1082 corporis
2189 999 2655 1064 coercitionem

348 1123 500 1168 cum
534 1102 951 1186 relegatione.
1023 1103 1196 1167 Item
1222 1102 1333 1168 lex
1366 1101 1674 1167 Cornelia
1698 1104 1783 1167 de
1806 1104 2068 1181 sicariiS,
2092 1123 2265 1184 quae
2287 1103 2655 1168 homicidas
2681 1116 2716 1171 5

348 1206 561 1270 ultore
607 1206 776 1271 ferro
822 1208 1237 1289 persequitur
1274 1206 1379 1271 vel
1425 1228 1555 1286 e03,
1593 1207 1705 1290 qui
1749 1206 2035 1270 hominis
2078 1207 2418 1271 occidendi
2458 1228 2656 1272 causa

347 1330 499 1375 cum
546 1310 684 1374 telo
730 1310 1093 1375 ambulant.
1182 1310 1391 1375 telum
1438 1321 1685 1390 autem,
1715 1320 1790 1375 ut
1833 1309 2037 1375 Gaius
2078 1320 2304 1375 noster
2347 1311 2414 1373 in
2455 1312 2655 1376 inter-

347 1416 723 1496 pretatione
767 1413 933 1497 legis
977 1415 1331 1480 duodecim
1368 1414 1744 1487 tabularum
1787 1415 2104 1498 scriptum
2146 1413 2424 1497 reliquit,
2452 1414 2654 1497 vulgo

348 1518 617 1600 quidem
667 1519 733 1582 id
786 1518 1179 1601 appellatur,
1230 1519 1408 1603 quod
1460 1520 1547 1583 ab
1596 1539 1749 1583 arcu
1802 1518 2119 1582 mittitur:
2174 1519 2292 1582 sed
2343 1529 2412 1583 et
2455 1539 2654 1584 omne

347 1622 767 1705 significatur,
830 1624 1009 1706 quod
1073 1642 1271 1687 manu
1335 1624 1678 1688 cuiusdam
1740 1624 2063 1687 mittitur:
2125 1622 2419 1705 sequitur
2477 1643 2653 1705 erg0,

349 1734 422 1789 ut
483 1737 551 1790 et
613 1726 780 1809 lapis
842 1737 909 1790 et
970 1726 1224 1810 lignum
1284 1736 1351 1791 et
1410 1727 1654 1791 ferrum
1714 1727 1841 1791 hoc
1903 1728 2169 1790 nomine
2222 1727 2652 1792 contineatur.

348 1830 731 1912 dictumque
789 1830 876 1893 ab
936 1852 1033 1909 e0,
1085 1831 1266 1914 quod
1330 1833 1395 1895 in
1456 1831 1890 1913 longinquum
1953 1831 2252 1909 mittitur,
2299 1850 2341 1893 a
2403 1830 2655 1895 Graeca

346 1954 508 1997 voce
562 1934 933 2017 figuratum,
990 1932 1107 1997 ἀπὸ
1166 1938 1268 1997 τοῦ
1319 1940 1541 2012 τηλοῦε
1606 1944 1674 1999 et
1733 1933 1902 1998 hanc
1961 1934 2507 2017 significationem
2559 1937 2654 1998 in·

344 2040 567 2103 venire
608 2060 957 2121 possumus
996 2048 1063 2103 ct
1108 2038 1175 2103 in
1215 2038 1471 2104 Graeco
1517 2038 1819 2102 nomine:
1868 2058 2021 2101 nam
2065 2039 2245 2121 quod
2289 2058 2408 2101 nos
2440 2040 2650 2131 telum

344 2142 779 2226 appellamuS,
823 2143 916 2207 illi
958 2142 1148 2222 βέλος
1184 2143 1525 2227 appellant
1570 2142 1688 2206 ἀπὸ
1731 2146 1834 2205 τοῦ
1877 2140 2243 2221 βάλλεσθαι.
2331 2138 2650 2209 admonet

346 2268 466 2310 nos
527 2246 929 2330 Xenophon,
989 2267 1146 2310 nam
1204 2248 1301 2312 ita
1352 2248 1651 2331 scripsit:
1713 2246 1810 2309 καὶ
1857 2248 1932 2309 τὰ
1975 2247 2135 2323 βέλη
2195 2247 2342 2325 ὁμοῦ
2388 2246 2650 2328 ἐφέρετο,

342 2351 584 2432 λόγχαι,
617 2352 955 2428 τοξεύματα,
996 2352 1346 2429 σφενδόναι,
1376 2356 1654 2415 πλεῖστοι
1689 2353 1755 2413 δὲ
1794 2348 1888 2413 καὶ
1930 2351 2110 2413 λίθοι.
2173 2350 2384 2416 sicarii
2424 2362 2650 2417 autem

344 2454 760 2537 appellantur
803 2475 843 2518 a
888 2456 1039 2533 sica,
1086 2456 1263 2538 quod
1320 2456 1649 2538 significat
1695 2454 1978 2519 ferreum
2024 2454 2327 2522 cultrum.
2415 2456 2649 2520 eadem

344 2560 491 2643 lege
538 2569 607 2624 et
653 2558 927 2623 venefici
976 2561 1195 2641 capite
1249 2558 1672 2636 damnantur,
1724 2561 1838 2642 qui
1890 2558 2142 2623 artibus
2196 2560 2460 2637 odiosi3‚
2510 2570 2651 2625 tam

339 2664 609 2728 venenis
667 2663 770 2727 vel
832 2664 1105 2727 susurris
1168 2665 1443 2746 magicis
1503 2664 1806 2727 homines
1868 2664 2256 2728 occiderunt
2305 2664 2410 2727 vel
2474 2665 2650 2730 mala

339 2963 425 3030 48.
458 2975 505 3031 5.
538 2977 581 3017 1.
674 2961 798 3015 The
846 2959 1123 3030 penalties
1164 2959 1348 3014 which
1393 2959 1434 3013 it
1475 2960 1651 3028 really
1694 2957 1946 3014 inflicted
1996 2975 2154 3014 seem
2196 2970 2256 3014 to
2304 2961 2452 3015 have
2500 2961 2648 3016 been

340 3044 611 3115 relegatio
637 3043 694 3098 in
720 3043 963 3099 insulam
989 3042 1105 3098 and
1134 3043 1337 3114 partial
1365 3042 1736 3097 confiscation
1764 3042 1829 3096 of
1855 3043 1952 3097 the
1976 3053 2242 3112 property
2268 3043 2334 3097 of
2349 3044 2488 3098 both
2514 3061 2649 3098 man

340 3129 457 3184 and
481 3144 719 3196 woman,
748 3128 902 3181 Paul.
930 3136 1072 3181 sent.
1100 3143 1211 3181 rec.
1240 3142 1289 3181 2.
1316 3126 1398 3180 26.
1436 3141 1499 3188 14
1524 3145 1536 3180 τ
1574 3126 1644 3180 cf.
1666 3124 1804 3181 Tac.
1823 3127 1969 3180 Ann.
2000 3140 2046 3179 2.
2070 3138 2152 3194 50.
2184 3127 2250 3197 85
2279 3125 2369 3182 ‘in
2405 3126 2649 3181 insulam

340 3255 353 3268 .
382 3255 395 3268 .
426 3255 440 3269 .
466 3211 663 3267 abdita
698 3212 817 3278 est,’
855 3209 928 3265 ib.
969 3224 1019 3278 3.
1058 3225 1126 3278 24
1165 3209 1532 3280 ‘(Augustus)
1566 3209 1853 3265 adulteros
1891 3219 2072 3264 morte
2109 3222 2207 3264 aut
2243 3211 2377 3281 fuga
2413 3210 2649 3281 punivit,

342 3314 475 3352 suas
512 3295 633 3366 ipse
672 3295 825 3364 leges
864 3293 1223 3364 egrediens:’
1261 3294 1336 3350 ib.
1362 3309 1415 3361 4.
1441 3308 1528 3360 42.
1601 3295 1717 3347 For
1751 3293 1914 3348 these
1943 3292 2116 3347 death
2155 3310 2270 3348 was
2307 3294 2651 3350 substituted

340 3380 417 3449 by
444 3377 831 3447 Constantine,
862 3376 1000 3432 Cod.
1028 3392 1079 3446 9.
1106 3392 1154 3446 9.
1184 3391 1267 3446 30.
1304 3393 1323 3431 1
1354 3397 1368 3444 ;
1408 3375 1450 3430 it
1482 3392 1670 3431 seems
1705 3376 1924 3444 usually
1951 3385 2010 3430 to
2045 3376 2191 3431 have
2225 3377 2370 3432 been
2397 3377 2649 3433 inflicted

341 3479 415 3517 on
458 3463 555 3518 the
595 3478 816 3516 woman
859 3478 924 3515 as
970 3461 1109 3530 well,
1156 3460 1448 3517 ‘adulterii
1491 3461 1824 3515 damnatam
1851 3501 1864 3515 .
1892 3499 1905 3514 .
1933 3501 1946 3513 .
1975 3459 2024 3514 si
2061 3477 2308 3532 poenam
2345 3461 2648 3533 capitalem

338 3547 609 3602 evaserit'
638 3546 781 3601 Cod.
807 3560 859 3616 9.
882 3560 930 3616 9.
959 3560 1011 3614 9.

412 3631 715 3702 ‘Stuprum
752 3628 1071 3699 committit,
1111 3628 1205 3701 qui
1257 3628 1495 3683 liberam
1544 3625 1842 3681 mulierem
1886 3626 2311 3683 consuetudinis
2348 3646 2520 3686 causa
2547 3671 2561 3686 .
2586 3671 2603 3689 .
2629 3669 2646 3687 .

339 3715 589 3771 continet
606 3715 619 3742 ’
646 3713 779 3784 Dig.
805 3715 892 3780 48.
922 3726 970 3784 5.
997 3728 1083 3782 34.
1111 3728 1189 3783 pr.
1287 3710 1553 3782 Corporis
1581 3708 1850 3765 coercitio
1877 3710 1926 3765 is
1954 3711 2268 3766 illustrated
2298 3713 2374 3782 by
2400 3714 2531 3784 Dig.
2558 3716 2646 3782 48.

344 3813 425 3867 19.
452 3799 503 3852 6.
540 3813 571 3851 2
613 3796 813 3852 ‘veluti
862 3795 1096 3852 fustium
1146 3794 1478 3864 admoniti0,
1527 3795 1880 3864 flagellorum
1933 3794 2250 3865 castigatiO,
2296 3795 2646 3853 vinculorum

339 3879 690 3935 verberati0.’

412 3961 527 4033 §5.
564 3965 690 4017 The
725 3964 815 4018 lex
855 3961 1116 4017 Cornelia
1152 3962 1224 4017 de
1261 3961 1477 4017 sicariis
1515 3972 1570 4016 et
1610 3960 1877 4017 veneficis
1908 3959 2066 4030 (Dig.
2093 3962 2180 4028 48.
2212 3963 2264 4031 5)
2293 3981 2408 4019 was
2433 3966 2644 4035 passed

339 4050 415 4118 by
442 4049 599 4104 Sulla
624 4049 681 4102 in
705 4048 803 4103 the
830 4048 947 4102 first
974 4063 1037 4100 or
1061 4047 1272 4100 second
1297 4064 1433 4115 year
1456 4047 1522 4100 of
1538 4046 1629 4100 his
1656 4045 2045 4115 dictatorship,
2073 4046 2204 4101 circ.
2231 4048 2292 4101 81
2325 4060 2440 4103 13.c.
2517 4051 2643 4104 The

339 4133 549 4201 charge
580 4148 654 4186 on
688 4129 870 4184 which
908 4128 1149 4184 Roscius
1184 4129 1487 4183 Amerinus
1522 4145 1637 4182 was
1677 4127 1960 4182 defended
1996 4128 2072 4197 by
2100 4129 2300 4183 Cicero
2323 4147 2437 4184 was
2464 4131 2645 4187 based

338 4233 492 4285 upon
529 4215 601 4268 its
638 4212 971 4284 provisions
1064 4213 1145 4265 Its
1183 4211 1461 4281 penalties
1504 4227 1651 4265 were
1694 4228 1878 4280 aquae
1918 4221 1976 4266 et
2019 4210 2165 4280 ignis
2209 4211 2544 4283 interdicti0‚
2583 4225 2642 4270 to

338 4299 520 4354 which
546 4297 726 4368 Julius
755 4298 966 4352 Caesar
996 4295 1186 4350 added
1223 4294 1525 4362 forfeiture,
1555 4294 1685 4363 Dig.
1713 4294 1798 4360 48.
1829 4295 1878 4348 8.
1906 4309 1956 4362 3.
1988 4307 2014 4365 5
2059 4295 2160 4350 but
2191 4295 2248 4348 in
2281 4313 2456 4366 many
2479 4315 2642 4353 cases

338 4383 508 4437 death
537 4399 652 4436 was
687 4380 975 4448 inflicted3
1008 4378 1141 4434 ‘sed
1173 4379 1355 4433 solent
1388 4376 1560 4431 hodie
1586 4377 1771 4446 capite
1797 4377 1996 4447 puniri,
2033 4377 2141 4433 nisi
2167 4378 2490 4437 honestiore
2515 4382 2641 4436 loco

336 4465 507 4538 positi
532 4464 755 4534 fuerint,
781 4473 841 4519 ut
867 4480 1112 4534 poenam
1141 4461 1280 4532 legis
1308 4459 1652 4516 sustineant'
1681 4459 1812 4530 Dig.
1839 4461 1943 4516 loc.
1973 4461 2063 4518 cit.

409 4550 535 4604 The
561 4549 846 4606 reference
874 4557 932 4604 to
959 4546 1281 4625 Xenophon
1308 4543 1354 4600 is
1382 4553 1440 4599 to
1465 4543 1651 4600 Anab.
1682 4555 1728 4616 5.
1757 4558 1803 4598 2.
1838 4557 1917 4612 14.
