3230 5116
341 428 440 479 Tit.
457 422 526 490 7.]
554 420 782 493 QUOD
802 417 1106 476 CUMEO
1130 418 1737 492 QUIINALIENA
1758 420 2143 478 POTESTA
2159 421 2476 494 TE,ETC.
2508 426 2637 499 557

342 586 594 650 tionem
653 585 1138 661 accommodat,
1185 604 1358 668 quae
1401 584 1751 650 tributoria
1788 586 2178 670 appellatur.
2292 588 2640 654 Praeterea
2666 600 2703 655 4

343 689 720 754 introducta
749 699 850 753 est
878 690 1053 753 actio
1084 691 1169 753 de
1209 689 1468 772 peculio
1511 691 1729 773 deque
1770 711 1869 768 e0,
1899 693 2078 774 quod
2121 693 2186 755 in
2220 713 2358 756 rem
2392 692 2643 757 domini

343 813 605 857 versum
665 793 806 871 erit,
871 802 966 868 ut,
1025 793 1326 875 quamvis
1385 793 1527 858 sine
1583 793 1924 858 voluntate
1990 796 2241 859 domini
2304 795 2643 879 negotium

343 906 604 979 gestum
660 896 800 990 erit,
850 906 1075 960 tamen
1127 896 1264 959 sive
1311 898 1470 979 quid
1522 898 1586 961 in
1637 919 1775 963 rem
1826 898 1965 962 eius
2011 919 2272 963 versum
2318 898 2530 974 fuerit,
2577 898 2646 961 id

346 1007 562 1063 totum
594 1008 926 1083 praestare
957 1000 1216 1078 debeat,
1247 999 1385 1064 sive
1414 1001 1571 1083 quid
1615 1021 1748 1065 non
1780 1002 1866 1066 sit
1905 1002 1971 1065 in
2014 1021 2151 1067 rem
2196 1004 2335 1066 eius
2363 1022 2646 1077 versum,

345 1104 414 1167 id
461 1113 734 1167 eatenus
779 1113 1112 1185 praestare
1157 1104 1418 1182 debeat,
1461 1115 1789 1186 quatenus
1834 1105 2165 1187 peculium
2210 1104 2475 1188 patitur.
2570 1105 2651 1169 In

349 1226 490 1270 rem
543 1217 770 1271 autem
823 1207 1074 1272 domini
1123 1226 1383 1271 versum
1439 1207 1859 1291 intellegitur,
1906 1208 2229 1291 quidquid
2283 1208 2655 1273 necessario

349 1310 416 1372 in
463 1329 603 1374 rem
651 1310 792 1373 eius
837 1309 1234 1392 impenderit
1279 1332 1521 1390 servuS‚
1563 1310 1768 1376 veluti
1814 1311 1868 1374 si
1916 1322 2257 1377 mutuatus
2303 1312 2652 1394 pecuniam

351 1413 778 1479 creditoribus
843 1414 984 1479 eius
1043 1414 1306 1479 solverit
1364 1425 1480 1479 aut
1539 1414 1839 1480 aedificia
1909 1416 2168 1480 ruentia
2224 1414 2477 1479 fulserit
2537 1424 2654 1505 aut

348 1516 638 1581 familiae
682 1516 1083 1581 frumentum
1128 1518 1361 1581 emerit
1407 1517 1516 1581 vel
1565 1518 1767 1582 etiam
1814 1518 2090 1582 fundum
2122 1528 2237 1582 aut
2285 1517 2655 1600 quamlibet

351 1621 550 1686 aliam
582 1640 720 1683 rem
752 1622 1183 1685 necessariam
1216 1630 1540 1685 mercatus
1572 1622 1713 1685 erit.
1805 1622 2041 1703 Itaque
2079 1622 2132 1684 si
2177 1643 2265 1685 ex
2308 1621 2541 1685 decem
2581 1629 2655 1685 ut

353 1734 516 1807 puta
547 1724 777 1803 aureis,
806 1744 974 1806 quos
1011 1744 1236 1787 servus
1266 1734 1418 1789 tuus
1449 1746 1489 1788 a
1521 1724 1705 1787 Titio
1738 1735 2002 1790 mutuos
2042 1724 2315 1807 accepit,
2349 1722 2654 1789 creditori

355 1837 502 1891 tuo·
527 1827 814 1910 quinque
861 1847 1093 1891 aureos
1143 1826 1424 1907 solverit,
1476 1827 1765 1909 reliquos
1816 1848 1973 1891 vero
2024 1829 2315 1911 quinque
2358 1827 2658 1910 quolibet

357 1932 557 1995 modo
598 1931 1094 2012 consumpserit,
1125 1950 1245 2013 pro
1282 1932 1570 2013 quinque
1609 1930 1879 2013 quidem
1922 1931 1988 1993 in
2030 1930 2313 1994 solidum
2356 1930 2655 1995 damnari

357 2034 580 2112 debes,
610 2054 730 2116 pro
775 2033 1010 2098 ceteris
1053 2054 1210 2099 vero
1254 2034 1547 2117 quinque
1591 2043 1885 2111 eatenus,
1917 2044 2243 2115 quatenus
2287 2035 2353 2096 in
2396 2031 2658 2115 peculio

357 2139 482 2202 sit:
529 2158 618 2201 ex
657 2158 790 2219 quo
832 2137 1080 2201 scilicet
1121 2145 1416 2220 apparet,
1448 2136 1501 2200 si
1545 2138 1667 2201 toti
1698 2137 1931 2201 decem
1969 2136 2148 2200 aurei
2190 2137 2254 2199 in
2302 2155 2439 2199 rem
2472 2122 2657 2199 tu'am

357 2242 526 2304 versi
558 2239 813 2317 fuerint,
847 2249 1025 2306 totos
1057 2241 1288 2305 decem
1320 2260 1553 2305 aureos
1589 2241 1839 2305 Titium
1872 2240 2184 2323 consequi
2217 2259 2428 2322 posse.
2503 2239 2661 2305 licet

363 2346 538 2409 enim
585 2365 714 2407 una
760 2353 864 2408 est
907 2345 1099 2421 acti0,
1147 2365 1278 2427 qua
1330 2343 1418 2409 de
1463 2344 1721 2427 peculio
1774 2346 1988 2427 deque
2038 2364 2117 2407 eo
2171 2344 2350 2425 quod
2406 2343 2473 2406 in
2520 2361 2661 2405 rem

361 2448 614 2514 domini
653 2468 913 2511 versum
953 2448 1039 2511 sit
1078 2448 1311 2531 agitur,
1342 2456 1567 2511 tamen
1611 2449 1776 2512 duas
1811 2447 2015 2511 habet
2052 2444 2661 2512 condemnationes,

361 2552 587 2635 itaque
629 2550 850 2628 iudex,
882 2553 1060 2635 apud
1091 2573 1290 2636 quem
1333 2551 1419 2616 de
1460 2574 1539 2616 ea
1582 2551 1843 2616 actione
1877 2552 2109 2636 agitur,
2142 2563 2301 2618 ante
2342 2550 2665 2632 dispicere

365 2657 550 2734 solet,
601 2676 686 2719 an
739 2655 805 2718 in
867 2677 1006 2720 rem
1058 2655 1311 2720 domini
1367 2676 1631 2720 versum
1690 2657 1798 2730 sit,
1850 2675 1972 2719 nec
2030 2655 2247 2732 aliter,
2277 2656 2365 2719 ad
2426 2653 2665 2737 peculii

364 2759 891 2824 aestimationem
923 2759 1174 2836 transit,
1208 2779 1406 2841 quam
1439 2759 1493 2823 si
1523 2767 1640 2822 aut
1672 2757 1831 2822 nihil
1864 2759 1929 2821 in
1953 2779 2091 2823 rem
2124 2759 2372 2822 domini
2402 2776 2665 2820 versum

367 2861 790 2946 intellegatur
818 2872 934 2927 aut
975 2882 1108 2926 non
1149 2870 1388 2927 totum.
1482 2861 1653 2927 Cum
1696 2871 1919 2926 autem
1958 2861 2307 2944 quaeritur,
2338 2867 2664 2942 quantum

367 2967 434 3029 in
481 2965 738 3048 peculio
783 2965 885 3044 sit,
931 2974 1086 3030 ante
1123 2966 1485 3037 deducitur,
1523 2965 1845 3047 quidquid
1891 2983 2115 3027 servus
2159 2963 2429 3026 domino
2464 2962 2663 3045 quive

368 3070 437 3132 in
468 3078 800 3152 potestate
830 3069 967 3133 eius
997 3069 1082 3133 sit
1106 3069 1323 3146 debet,
1349 3076 1416 3132 et
1447 3070 1626 3150 quod
1660 3076 1975 3149 superest,
2001 3059 2065 3130 i'd
2092 3065 2303 3128 solum
2336 3063 2665 3146 peculium

369 3171 790 3256 intellegitur.
879 3172 1238 3256 aliquando
1268 3182 1492 3236 tamen
1525 3171 1610 3248 id,
1642 3170 1822 3253 quod
1855 3170 1913 3233 ei
1945 3169 2147 3232 debet
2179 3189 2419 3245 servus,
2454 3169 2568 3250 qui
2601 3169 2667 3230 in

371 3284 704 3358 potestate
744 3277 995 3340 domini
1031 3277 1134 3354 sit,
1167 3295 1297 3339 non
1333 3274 1681 3338 deducitur
1721 3295 1808 3337 ex
1851 3271 2123 3355 peculi0‚
2152 3270 2360 3335 veluti
2405 3271 2459 3333 si
2502 3271 2557 3333 is
2598 3269 2665 3332 in

369 3379 564 3444 huius
605 3379 808 3460 ipsius
848 3378 1108 3462 peculio
1149 3379 1252 3442 sit.
1343 3380 1519 3460 quod
1562 3399 1643 3442 eo
1684 3377 1985 3460 pertinet,
2016 3384 2107 3454 ut,
2138 3374 2193 3438 si
2230 3373 2387 3455 quid
2428 3373 2671 3436 vicario

371 3501 492 3546 suo
546 3503 770 3546 servus
817 3481 1078 3559 debeat,
1127 3482 1194 3546 id
1245 3502 1333 3545 ex
1381 3481 1642 3564 peculio
1693 3481 1832 3544 eius
1880 3499 2012 3542 non
2059 3478 2445 3542 deducatur.

447 3718 475 3791 ξ
502 3723 563 3774 4.
605 3720 872 3775 Hitherto
896 3736 979 3774 we
1003 3719 1149 3774 have
1173 3718 1291 3773 had
1314 3728 1375 3774 to
1401 3715 1665 3772 consider
1696 3716 1829 3785 only
1854 3724 2137 3770 contracts
2163 3713 2333 3769 made
2357 3713 2434 3783 by
2459 3728 2494 3767 a
2519 3713 2674 3768 slave

375 3805 508 3860 with
549 3803 638 3859 his
676 3804 932 3859 master's
970 3802 1304 3872 knowledge
1347 3818 1412 3855 or
1459 3817 1602 3856 even
1644 3800 1720 3868 by
1762 3798 1851 3852 his
1892 3815 2119 3868 express
2164 3796 2487 3866 authority3
2523 3811 2675 3864 upon

378 3887 576 3954 which,
602 3887 688 3940 for
711 3887 834 3940 that
859 3903 996 3954 very
1018 3902 1239 3954 reason,
1265 3885 1363 3940 the
1400 3894 1614 3940 master
1644 3899 1761 3938 was
1796 3881 1930 3936 held
1964 3881 2133 3936 liable
2160 3880 2217 3934 in
2244 3880 2505 3945 solidum,
2531 3894 2595 3932 or
2620 3888 2677 3933 at

380 3985 493 4038 any
515 3978 636 4024 rate
660 3985 776 4023 was
803 3968 1173 4039 compellable
1209 3978 1270 4023 to
1305 3985 1419 4038 pay
1445 3985 1519 4039 up
1556 3977 1618 4022 to
1655 3983 1690 4020 a
1728 3965 1942 4020 certain
1981 3963 2141 4030 limit,
2169 3963 2403 4017 without
2437 3961 2525 4016 his
2553 3977 2677 4015 own

380 4051 578 4106 claims
604 4051 872 4121 enjoying
895 4068 1008 4120 any
1031 4050 1264 4120 priority
1287 4068 1424 4106 over
1446 4053 1610 4105 those
1638 4049 1704 4104 of
1720 4047 1987 4116 ordinary
2005 4047 2166 4102 trade
2191 4045 2481 4101 creditorS.
2539 4043 2679 4098 This

383 4134 597 4188 section
636 4134 794 4188 deals
832 4133 964 4187 with
1002 4133 1090 4186 his
1125 4132 1364 4202 liability
1387 4150 1462 4187 on
1500 4142 1650 4187 most
1676 4132 1741 4186 of
1770 4133 1867 4186 the
1904 4131 2105 4185 slave’s
2138 4130 2301 4184 other
2325 4137 2683 4183 contracts—

385 4217 550 4272 those
577 4216 756 4270 which
794 4216 868 4270 he
904 4215 1076 4270 made
1109 4213 1343 4269 without
1379 4214 1478 4270 the
1513 4215 1770 4268 master’s
1805 4213 2157 4281 knowledge,
2184 4229 2247 4266 or
2282 4227 2423 4265 even
2458 4208 2683 4278 against

381 4299 472 4354 his
492 4300 686 4354 orders
708 4299 746 4368 (⁶
762 4297 985 4355 etiamsi
1001 4297 1348 4368 prohibuerit
1375 4296 1631 4352 contrahi
1658 4313 1786 4351 cum
1822 4313 1985 4352 servo
2020 4293 2300 4361 dominus,
2321 4292 2425 4347 erit
2460 4291 2516 4346 in
2552 4307 2683 4346 eum

384 4384 456 4439 de
494 4383 716 4454 peculio
753 4383 934 4439 actio’
961 4381 1094 4452 Dig.
1128 4394 1206 4450 15.
1240 4396 1282 4435 1.
1309 4395 1394 4450 29.
1429 4379 1623 4448 1),‚but
1661 4389 1759 4434 not
1797 4396 1948 4450 upon
1992 4377 2334 4449 obligations
2368 4374 2580 4443 arising
2616 4391 2687 4429 ex

385 4467 530 4522 servi
557 4466 766 4522 delicto
794 4464 953 4536 (Dig.
978 4465 1052 4521 ib.
1075 4480 1124 4533 3.
1153 4479 1172 4518 1
1188 4464 1254 4534 1),
1281 4480 1346 4518 or
1370 4463 1514 4517 from
1542 4472 1825 4517 contr-acts
1852 4462 2032 4517 which
2062 4478 2206 4516 were
2231 4457 2443 4526 merely
2468 4455 2599 4526 gifts
2626 4466 2686 4512 to

383 4551 481 4606 the
507 4551 672 4606 other
694 4559 874 4621 party,
904 4549 1034 4620 Dig.
1064 4563 1150 4620 39.
1181 4560 1223 4619 5.
1253 4559 1303 4618 7,
1329 4563 1395 4602 or
1417 4547 1562 4601 from
1600 4547 1765 4602 those
1802 4545 1985 4601 which
2023 4561 2061 4602 a
2096 4539 2488 4598 filiusfamilias
2518 4540 2687 4608 made
