3230 5116
499 391 626 461 252
893 386 1041 444 INS
1044 387 1192 443 TIT
1195 386 1306 443 UT
1303 387 1596 444 IONUM
1632 386 1873 442 LIBRI
1908 385 2380 459 QUATTUOR.
2577 388 2703 455 [Lib.
2727 391 2794 442 11.

1553 601 1746 669 XIV.

1062 777 1162 830 m:
1207 778 1637 832 HEREmBus
1682 779 2238 834 ms'rrrussums.

591 921 896 994 Heredes
969 923 1310 995 instituere
1383 929 1776 1014 permissum
1838 939 1942 996 est
1998 939 2139 995 bam
2201 928 2440 994 liberos
2498 925 2803 993 homines

499 1053 702 1114 quam
735 1053 955 1098 servos
985 1042 1123 1097 tam
1155 1036 1454 1118 proprios
1485 1054 1688 1119 quam
1718 1031 1989 1100 alienos.
2048 1035 2347 1118 proprios
2383 1043 2611 1098 autem
2640 1032 2803 1096 olim

499 1131 774 1218 quidem
817 1137 1183 1201 secundum
1229 1132 1516 1220 plurium
1553 1138 1920 1203 sententias
1974 1158 2107 1202 non
2152 1136 2345 1201 aliter
2395 1157 2600 1219 quam
2653 1155 2805 1200 cum

501 1233 808 1306 libertate
853 1250 1032 1306 recte
1067 1238 1412 1308 instituere
1454 1243 1718 1308 licebat.
1778 1242 1981 1307 hodie
2009 1262 2166 1307 vero
2210 1242 2413 1306 etiam
2446 1243 2587 1304 sine
2615 1238 2809 1303 liber·

501 1352 644 1408 tate
675 1365 763 1408 ex
795 1355 1018 1410 nostra
1046 1341 1514 1413 constitutione
1551 1347 1829 1413 heredes
1876 1368 1992 1412 eos
2035 1346 2375 1412 instituere
2415 1345 2809 1427 permissum

504 1456 627 1512 est.
689 1449 869 1529 quod
915 1469 1047 1513 non
1089 1471 1210 1533 per
1245 1445 1739 1516 innovationem
1788 1449 2191 1530 induximus,
2222 1450 2338 1514 sed
2379 1448 2694 1531 quoniam
2741 1457 2809 1512 et

504 1549 776 1634 aequius
806 1561 946 1618 erat
983 1562 1051 1618 et
1079 1554 1403 1622 Atilicino
1434 1555 1762 1640 placuisse
1794 1556 2039 1621 Paulus
2076 1555 2211 1621 suis
2243 1555 2442 1634 libris,
2471 1574 2639 1635 quos
2670 1563 2811 1616 tam

507 1656 593 1720 ad
655 1657 1024 1722 Masurium
1088 1657 1412 1725 Sabinum
1471 1681 1675 1745 quam
1729 1661 1816 1725 ad
1872 1660 2205 1725 Plautium
2260 1659 2536 1742 scripsit,
2596 1656 2811 1720 refert.

508 1762 810 1843 proprius
860 1773 1086 1827 autern
1135 1783 1360 1829 servus
1412 1765 1617 1829 etiam
1670 1764 1727 1830 is
1780 1763 2202 1848 intellegitur,
2255 1763 2325 1825 in
2376 1782 2511 1845 quo
2562 1761 2815 1825 nudam

507 1865 981 1948 proprietatem
1057 1876 1340 1932 testator
1399 1866 1624 1944 habet,
1684 1867 1819 1933 alio
1885 1888 2079 1933 usum
2141 1866 2424 1930 fructum
2502 1864 2813 1928 habente.

511 1977 615 2033 est
655 1979 882 2034 autem
937 1990 1144 2046 casim,
1192 1972 1260 2035 in
1301 1993 1436 2056 quo
1488 1992 1609 2036 nec
1658 1993 1812 2038 cum
1866 1972 2171 2036 libertate
2216 1968 2464 2035 utiliter
2506 1989 2732 2032 servus
2774 1987 2817 2032 a

511 2071 785 2137 domina
825 2073 1018 2140 heres
1062 2074 1443 2154 instituitur,
1485 2086 1559 2141 ut
1605 2077 2084 2141 constitutione
2123 2075 2425 2140 divorum
2475 2072 2701 2138 Severi
2748 2081 2817 2136 et
2894 2075 2911 2090 ⁰

512 2175 842 2242 Antonini
889 2188 1174 2258 cavetur,
1218 2182 1404 2247 cuius
1433 2180 1637 2246 verba
1674 2180 1839 2245 haec
1883 2191 2079 2246 sunt:
2124 2182 2141 2212 ⁶
2164 2178 2445 2244 Servum
2489 2176 2817 2241 adulterio

514 2279 918 2345 maculatum
952 2303 1086 2346 non
1119 2283 1256 2350 iure
1286 2293 1691 2350 testamento
1720 2285 2201 2351 manumissum
2231 2293 2389 2348 ante
2420 2283 2815 2348 sententiam

513 2383 601 2446 ab
627 2405 706 2449 ea
729 2385 1003 2450 muliere
1022 2389 1246 2464 videri,
1273 2410 1445 2472 quae
1467 2410 1580 2454 rea
1600 2388 1815 2455 fuerat
1837 2389 2131 2453 eiusdem
2156 2387 2442 2452 criminis
2464 2385 2818 2469 postulata,

517 2487 788 2553 rationis
829 2499 967 2554 est:
1014 2511 1217 2575 quare
1260 2495 1573 2579 sequitur,
1609 2505 1683 2560 ut
1728 2495 1795 2558 in
1842 2494 2127 2558 eundem
2172 2513 2214 2557 a
2258 2491 2532 2556 domina
2576 2490 2820 2556 collata

521 2595 844 2660 institutio
890 2595 1134 2661 nullius
1179 2601 1500 2665 momenti
1541 2599 1907 2665 habeatur?
1967 2600 2224 2663 alienus
2255 2618 2479 2661 servus
2523 2595 2727 2661 etiam
2765 2596 2821 2659 is

461 2705 488 2757 1
521 2698 936 2783 intellegitur,
995 2700 1064 2764 in
1109 2722 1243 2784 quo
1303 2724 1496 2766 usum
1562 2703 1849 2768 fructum
1911 2712 2195 2767 testator
2243 2701 2465 2766 habet.
2578 2698 2821 2764 Servus

517 2813 742 2879 autem
795 2827 836 2870 a
888 2806 1158 2872 domino
1211 2829 1333 2873 suo
1385 2809 1577 2873 heres
1637 2810 1994 2886 institutuS,
2045 2809 2100 2872 si
2148 2807 2420 2889 quidem
2469 2806 2537 2869 in
2585 2804 2821 2868 eadem

520 3040 667 3078 were
705 3023 968 3093 properly
991 3021 1363 3078 disinherited
1398 3022 1458 3077 in
1494 3024 1590 3078 the
1627 3022 1735 3077 will
1774 3014 1941 3077 could
1978 3020 2111 3075 take
2144 3017 2387 3089 nothing
2420 3018 2603 3073 under
2638 3015 2698 3085 it,
2722 3016 2821 3072 i.e.

521 3107 620 3161 the
657 3104 1090 3161 exheredations
1127 3104 1313 3174 stand,
1357 3122 1502 3161 even
1545 3107 1763 3177 though
1804 3106 1904 3160 the
1946 3104 2055 3158 will
2099 3103 2148 3158 is
2190 3102 2520 3173 practically
2556 3099 2824 3169 nullified‚

522 3190 714 3245 unless
739 3191 836 3245 the
863 3188 972 3245 will
997 3188 1156 3245 itsel'f
1170 3190 1438 3245 becomes
1463 3190 1599 3244 void
1623 3191 1699 3259 by
1722 3189 1897 3259 being
1920 3187 2269 3243 destitutum.

597 3272 676 3342 (2)
715 3274 841 3328 The
866 3274 1032 3329 effect
1069 3273 1135 3328 of
1157 3272 1438 3327 bonorum
1469 3272 1761 3343 possessio
1794 3282 1993 3327 contra
2026 3269 2250 3325 tabulas
2274 3266 2448 3339 being
2475 3276 2575 3324 not
2600 3278 2660 3323 to
2696 3268 2825 3323 sub-

526 3356 720 3413 stitute
745 3357 843 3411 the
879 3356 1147 3425 ordinary
1169 3357 1319 3410 rules
1337 3356 1420 3423 ‚of
1437 3354 1733 3425 intestacy,
1757 3357 1859 3411 but
1892 3364 1954 3409 to
1988 3354 2157 3408 make
2182 3354 2280 3407 the
2318 3352 2643 3408 deceased’s
2674 3351 2828 3405 bona

525 3439 787 3494 divisible
823 3454 1033 3508 among
1069 3438 1209 3492 such
1245 3437 1406 3494 liberi
1443 3456 1508 3493 as
1546 3455 1643 3493 are
1680 3448 1780 3493 not
1816 3438 1952 3507 duly
1976 3436 2365 3505 disinherited,
2402 3437 2546 3490 later
2580 3436 2827 3504 changes

527 3524 585 3577 in
611 3522 708 3576 the
733 3522 840 3575 law
865 3521 930 3574 of
947 3520 1212 3577 intestate
1249 3522 1576 3576 succession
1605 3521 1675 3589 (e.
1686 3538 1742 3590 g.
1771 3523 1826 3575 N
1831 3538 1920 3577 ov.
1951 3520 2072 3590 118)
2098 3522 2246 3575 have
2269 3536 2347 3575 no
2373 3518 2651 3574 influence
2675 3519 2827 3587 here,

527 3604 643 3661 and
668 3605 766 3659 the
789 3620 940 3659 nova
963 3605 1216 3660 clausula
1243 3604 1446 3660 Iuliani
1474 3605 1583 3675 (for
1607 3604 1791 3661 which
1814 3622 1911 3660 see
1940 3605 2050 3659 Mr.
2069 3604 2285 3660 Poste’s
2308 3612 2443 3659 note
2468 3619 2543 3658 on
2570 3600 2748 3657 Gaius
2772 3599 2830 3656 ii.

535 3704 556 3745 1
564 3703 597 3757 3
604 3686 655 3758 5)
682 3686 917 3758 applies.

602 3770 680 3841 (3)
721 3770 962 3837 certain,
997 3770 1251 3841 portions
1300 3772 1367 3827 of
1405 3774 1502 3828 the
1541 3772 1670 3842 will,
1710 3771 1760 3827 if
1799 3769 1951 3826 valid
1990 3769 2109 3826 iure
2145 3769 2311 3839 civili3
2357 3767 2471 3825 still
2506 3766 2723 3824 remain
2770 3766 2831 3822 in

529 3857 699 3924 force,
725 3854 822 3910 viz.
853 3854 932 3925 (a)
957 3856 1054 3910 the
1079 3854 1527 3926 exheredations,
1557 3856 1688 3927 Dig.
1718 3869 1802 3925 37.
1827 3870 1880 3923 4.
1897 3856 1947 3909 8.
1973 3872 2075 3925 pr„
2101 3854 2178 3908 ib.
2210 3869 2291 3909 ιο.
2321 3866 2347 3923 5
2373 3872 2388 3919 ;
2426 3851 2498 3922 (b)
2526 3853 2625 3907 the
2648 3849 2833 3921 pupil-

529 3942 651 4009 lary
683 3937 1076 3993 substitutions
1110 3938 1245 4007 (Tit.
1277 3941 1342 3994 16
1365 3938 1485 4007 inf.)
1523 3940 1641 3993 and
1677 3938 2103 4011 appointments
2139 3938 2205 3992 of
2230 3946 2639 4004 testamentary
2670 3950 2833 4005 guar-

531 4022 733 4089 dians;
804 4020 872 4092 (c)
922 4021 1168 4092 legacies
1215 4023 1332 4079 and
1380 4021 1823 4081 fideicommissa
1882 4032 1942 4077 to
1996 4020 2332 4077 coniunctae
2386 4035 2681 4091 personae,
2731 4016 2831 4073 i.e.

531 4104 874 4161 ascendants
899 4105 1015 4161 and
1051 4105 1434 4162 descendants
1467 4108 1534 4161 of
1549 4108 1647 4163 the
1684 4116 1937 4175 testator,
1963 4105 2080 4160 and
2115 4104 2442 4175 praelegata
2466 4101 2616 4157 dotis
2640 4109 2703 4156 to
2736 4100 2835 4155 the

531 4188 659 4245 wife
695 4188 829 4258 (Tit.
855 4202 942 4242 20.
973 4200 1034 4257 15
1062 4187 1202 4258 inf.),
1231 4206 1297 4244 or
1329 4190 1455 4246 wife
1484 4190 1552 4244 of
1578 4207 1615 4244 a
1645 4189 2013 4258 descendant,
2043 4186 2177 4258 Dig.
2202 4199 2287 4255 37.
2319 4199 2366 4256 5.
2398 4201 2443 4241 1.
2468 4203 2553 4256 pr.
2624 4186 2679 4239 A
2703 4200 2836 4241 con·

531 4272 788 4327 stitution
813 4271 879 4325 of
895 4271 965 4325 A.
988 4271 1121 4326 Pius
1147 4272 1305 4343 (Dig.
1330 4285 1414 4342 37.
1445 4284 1494 4341 5.
1512 4271 1567 4341 7)
1593 4270 1815 4328 limited
1839 4274 1935 4327 the
1960 4280 2195 4326 amount
2220 4267 2287 4324 of
2302 4268 2441 4323 such
2468 4264 2836 4337 dispositions

532 4355 611 4425 by
647 4353 914 4425 enacting
951 4355 1074 4411 that
1118 4355 1193 4410 all
1235 4355 1334 4411 the
1371 4354 1709 4411 coniunctae
1752 4371 2029 4425 personae
2068 4352 2329 4424 together
2362 4350 2531 4407 could
2566 4360 2667 4405 not
2702 4349 2837 4404 take

533 4454 693 4494 more
716 4439 854 4495 than
880 4440 1022 4494 each
1048 4438 1114 4493 of
1130 4438 1229 4494 the
1251 4439 1531 4494 bonorum
1555 4454 1933 4510 possessores.

603 4524 726 4579 Ἧι.
751 4524 926 4579 XIV.
971 4522 1030 4578 1f
1045 4540 1082 4580 a
1104 4524 1260 4580 slave
1285 4522 1343 4580 in
1369 4524 1554 4613 whom
1579 4524 1821 4581 another
1844 4520 1960 4578 had
1984 4538 2021 4578 a
2044 4519 2295 4577 usufruct
2320 4534 2437 4575 was
2461 4512 2839 4573 manumitted
