3230 5116
405 405 506 454 Tit.
531 399 634 466 10.]
865 398 988 454 DE
1037 395 1651 453 TESTAMENTIS
1694 395 2243 455 ORDINANDJS.
2578 409 2616 458 2
2620 408 2703 477 39

403 571 578 642 sunt,
609 562 869 647 utrique
889 525 1105 628 ⁸testes
1149 563 1216 626 in
1256 581 1459 626 unum
1495 569 1971 626 testamentum
2014 562 2153 627 fieri
2185 572 2499 647 possunt:
2546 566 2705 648 quia

402 667 566 731 nihil
595 677 791 732 nocet
821 687 908 731 ex
939 683 1073 730 una
1104 667 1307 731 domo
1351 657 1570 748 plures
1609 675 1815 731 testes
1846 667 2061 730 alieno
2090 669 2357 750 negotio
2386 668 2703 734 adhiberi.

401 769 488 833 In
533 771 816 836 testibus
860 781 1087 836 autem
1135 790 1266 834 non
1313 770 1516 835 debet
1561 790 1707 834 esse
1752 771 1865 852 qui
1905 770 1973 832 in
2004 780 2337 853 potestate
2365 774 2699 837 testatoris
2726 781 2763 836 9

404 883 526 939 est.
614 878 733 940 sed
765 877 820 940 si
850 875 1024 939 filius
1051 875 1336 939 familias
1377 875 1464 939 de
1504 875 1817 940 castrensi
1848 875 2106 957 peculio
2136 885 2288 958 post
2322 877 2700 942 missionem

401 977 601 1045 faciat
632 990 1128 1058 testamentum,
1169 999 1289 1044 nec
1335 990 1527 1061 pater
1569 980 1710 1042 eius
1756 989 1931 1044 recte
1976 981 2165 1046 testis
2196 981 2553 1046 adhibetur
2580 1003 2701 1046 nec

402 1082 458 1146 is
485 1084 601 1166 qui
640 1085 707 1147 in
752 1093 1090 1167 potestate
1134 1083 1429 1147 eiusdem
1476 1083 1682 1166 patris
1728 1093 1871 1148 est:
1919 1084 2342 1166 reprobatum
2384 1095 2486 1150 est
2524 1087 2701 1149 enim

399 1187 468 1250 in
499 1208 580 1252 ea
611 1209 680 1252 re
710 1188 1152 1252 domesticum
1193 1187 1674 1252 testimonium.
1770 1185 1905 1252 Sed
1944 1208 2159 1270 neque
2186 1188 2377 1254 heres
2416 1189 2700 1272 scriptus
2731 1193 2799 1249 10

401 1311 618 1375 neque
647 1292 704 1355 is
733 1293 847 1375 qui
883 1293 951 1355 in
993 1299 1327 1374 potestate
1368 1290 1508 1353 eius
1552 1299 1656 1354 est
1692 1309 1906 1373 neque
1948 1301 2141 1372 pater
2183 1292 2324 1355 eius
2354 1293 2467 1375 qui
2497 1293 2701 1358 habet

403 1415 558 1460 eum
588 1397 654 1459 in
686 1403 1021 1478 potestate
1051 1415 1269 1477 neque
1297 1392 1532 1458 fratres
1563 1393 1677 1476 qui
1708 1393 1776 1456 in
1806 1395 2102 1459 eiusdem
2134 1396 2338 1478 patris
2368 1405 2703 1479 potestate

399 1509 555 1564 sunt
585 1509 790 1566 testes
821 1500 1122 1565 adhiberi
1162 1507 1461 1581 possunt,
1506 1498 1663 1581 quia
1707 1507 1923 1562 totum
1969 1498 2095 1564 hoc
2130 1502 2489 1584 negotium,
2520 1502 2701 1585 quod

399 1605 624 1685 agitur
657 1605 1040 1669 testamenti
1083 1601 1434 1667 ordinandi
1473 1602 1706 1684 gratia,
1752 1603 2039 1666 creditur
2078 1603 2280 1668 hodie
2316 1605 2488 1668 inter
2513 1604 2701 1670 here-

399 1706 554 1770 dem
581 1716 649 1771 et
681 1717 1066 1772 testatorem
1097 1706 1225 1788 agi.
1291 1705 1444 1769 licet
1476 1705 1651 1768 enim
1684 1713 1899 1769 totum
1934 1706 2036 1768 ius
2067 1707 2201 1771 tale
2232 1708 2700 1772 conturbatum

399 1810 613 1876 suerat
643 1822 711 1876 et
740 1822 1014 1890 veteres,
1042 1812 1158 1894 qui
1186 1810 1474 1874 familiae
1505 1819 1877 1892 emptorem
1920 1819 1988 1874 et
2020 1831 2154 1887 eos,
2186 1813 2298 1895 qui
2329 1832 2449 1894 per
2477 1823 2699 1895 potes-

397 1925 611 1981 tatem
644 1918 704 1982 ei
735 1916 1089 1982 coadunati
1120 1915 1400 1993 fuerant,
1445 1914 1958 1978 testamentariis
1993 1917 2391 1981 testimoniis
2422 1917 2698 1999 repelle-

397 2018 580 2096 bant,
617 2020 844 2085 heredi
887 2028 955 2084 et
998 2019 1120 2098 his,
1165 2019 1279 2103 qui
1325 2019 1659 2084 coniuncti
1706 2018 1765 2081 ei
1810 2037 1932 2100 per
1974 2027 2378 2101 potestatem
2423 2020 2699 2097 fuerant,

397 2123 852 2187 concedebant
889 2123 1270 2188 testimonia
1314 2122 1380 2184 in
1426 2123 1845 2186 testamentis
1889 2133 2238 2205 praestare,
2279 2121 2433 2186 licet
2462 2122 2552 2199 hi,
2582 2123 2697 2205 qui

399 2228 469 2289 id
498 2227 991 2309 permittebant,
1023 2227 1150 2292 hoc
1180 2228 1321 2290 iure
1351 2226 1623 2289 minime
1652 2225 1835 2290 abuti
1869 2227 2109 2290 debere
2140 2245 2255 2291 eos
2286 2227 2654 2291 suadebant
2680 2249 2695 2287 ε

397 2339 622 2394 tamen
655 2351 776 2394 nos
810 2331 1092 2395 eandem
1125 2329 1657 2395 observationem
1704 2331 2105 2412 corrigentes
2137 2337 2222 2409 et,
2252 2331 2432 2413 quod
2462 2330 2548 2394 ab
2574 2329 2698 2395 illis

397 2453 668 2496 suasum
699 2442 820 2511 est,
851 2434 919 2496 in
952 2433 1118 2516 legis
1151 2433 1610 2498 necessitatem
1644 2433 2111 2498 transferentes
2140 2433 2228 2497 ad
2260 2434 2698 2498 imitationem

397 2537 652 2619 pristini
715 2537 1001 2602 familiae
1053 2539 1370 2621 emptoris
1431 2538 1667 2601 merito
1719 2557 1841 2603 nec
1892 2536 2137 2616 heredi,
2186 2538 2299 2622 qui
2345 2538 2697 2621 imaginem

396 2642 824 2707 vetustissimi
857 2642 1144 2706 familiae
1174 2643 1488 2725 emptoris
1533 2643 1815 2725 optinet,
1854 2663 1976 2707 nec
2006 2642 2150 2707 aliis
2181 2645 2495 2725 personis,
2528 2663 2700 2726 quae

398 2745 458 2808 ei
488 2754 563 2808 ut
599 2747 852 2809 dictum
905 2755 1006 2811 est
1051 2747 1442 2811 coniunctae
1486 2755 1661 2821 sunt,
1713 2746 2053 2811 licentiam
2106 2746 2529 2810 concedimus
2574 2746 2699 2811 sibi

397 2851 894 2930 quodammodo
952 2851 1334 2915 testimonia
1394 2860 1772 2933 praestare:
1850 2844 2134 2933 ideoque
2193 2870 2314 2914 nec
2376 2851 2699 2915 eiusmodi

395 2962 684 3017 veterem
717 2956 1256 3019 constitutionem
1301 2964 1526 3019 nostro
1565 2954 1777 3019 codici
1816 2954 2011 3019 inseri
2049 2955 2479 3037 permisimus.
2569 2954 2698 3019 Le·
2729 2954 2791 3007 ll

395 3060 666 3141 gatariis
697 3070 922 3124 autem
954 3068 1022 3123 et
1053 3059 1692 3133 fideicommissariis,
1726 3060 1883 3141 quia
1913 3078 2045 3122 non
2092 3058 2247 3122 iuris
2294 3076 2699 3123 successores

467 3265 498 3331 §
519 3267 576 3320 9.
617 3265 683 3319 In
708 3264 806 3319 the
831 3264 1221 3335 mancipatory
1238 3266 1383 3319 form
1403 3264 1470 3320 of
1487 3265 1596 3320 will
1615 3281 1692 3319 no
1713 3263 1939 3319 witness
1959 3261 2141 3331 might
2160 3262 2231 3318 be
2251 3262 2308 3318 in
2328 3264 2425 3319 the
2444 3274 2698 3334 potestas

396 3346 462 3400 of
490 3345 670 3402 either
706 3348 804 3402 the
839 3357 1079 3402 testator
1105 3364 1171 3402 or
1201 3346 1451 3402 familiae
1474 3358 1715 3417 emptor,
1743 3345 1922 3401 Gaius
1949 3345 2003 3401 ii.
2040 3358 2156 3415 105.
2228 3346 2354 3401 The
2378 3346 2699 3417 incapacity

396 3430 462 3484 os
478 3447 513 3484 a
538 3430 941 3501 paterfamilias
966 3448 1030 3485 or
1054 3448 1167 3501 any
1192 3447 1300 3486 one
1327 3431 1384 3485 in
1409 3430 1498 3485 his
1525 3448 1716 3501 power
1738 3439 1798 3486 to
1825 3428 2051 3486 witness
2077 3429 2166 3484 his
2193 3446 2317 3484 own
2344 3432 2493 3486 son's
2514 3430 2621 3485 will
2640 3432 2707 3486 of

395 3525 683 3569 castrense
701 3514 1000 3585 peculium,
1021 3515 1236 3584 though
1256 3514 1513 3571 affirmed
1538 3515 1614 3584 by
1633 3512 1915 3583 Justinian
1940 3514 2075 3569 here
2090 3514 2236 3568 after
2254 3514 2431 3569 Gaius
2453 3513 2531 3585 (ii.
2558 3513 2698 3584 106),

395 3595 444 3651 is
481 3597 690 3653 denied
723 3598 801 3667 by
829 3596 1042 3667 Ulpian
1069 3598 1126 3653 in
1157 3599 1290 3667 Dig.
1315 3599 1400 3653 28.
1433 3612 1476 3653 1.
1506 3613 1588 3653 20.
1618 3613 1651 3651 2
1690 3614 1765 3652 on
1805 3598 1901 3652 the
1944 3596 2231 3666 authority
2273 3598 2341 3651 of
2374 3598 2697 3654 Marcellus·

396 3680 681 3751 Probably
705 3682 802 3736 the
837 3692 950 3736 two
983 3697 1257 3752 passages
1292 3682 1470 3737 relate
1506 3690 1566 3737 to
1603 3680 1865 3735 different
1890 3696 2052 3736 cases
2078 3698 2092 3735 z
2132 3682 2229 3735 the
2254 3681 2422 3735 latter
2445 3691 2504 3736 to
2528 3698 2565 3736 a
2589 3681 2699 3736 will

394 3765 564 3820 made
587 3764 665 3835 by
689 3765 786 3820 the
811 3781 916 3819 son
941 3782 1007 3820 as
1031 3764 1257 3834 soldier,
1283 3765 1406 3819 that
1432 3764 1627 3819 before
1652 3781 1717 3819 us
1743 3774 1803 3818 to
1828 3780 1939 3818 one
1964 3763 2133 3818 made
2157 3764 2304 3819 after
2328 3764 2641 3834 discharge.

465 3847 496 3913 §
523 3850 617 3901 10.
654 3848 897 3917 Though
921 3847 999 3917 by
1023 3848 1181 3903 strict
1200 3848 1307 3903 law
1331 3848 1428 3902 the
1447 3846 1568 3902 heir
1593 3847 1707 3902 and
1731 3864 1969 3917 persons
1989 3846 2307 3902 connected
2326 3846 2461 3902 with
2482 3846 2603 3903 him
2622 3849 2699 3917 by

393 3929 492 3985 the
529 3929 607 3985 tie
637 3931 702 3985 of
732 3940 986 4001 potestas
1019 3931 1135 3986 had
1169 3941 1270 3986 not
1305 3929 1450 3986 been
1482 3930 1866 4000 incompetent
1900 3939 1961 3984 to
1986 3929 2213 3985 witness
2240 3928 2280 3998 (ι
2294 3940 2699 3985 testamentum

393 4011 560 4068 simul
595 4012 892 4083 obsignavi
930 4031 1060 4069 cum
1089 4014 1290 4069 Clodio
1318 4055 1331 4068 .
1356 4055 1369 4069 .
1397 4023 1455 4069 et
1494 4013 1651 4069 illum
1688 4013 1957 4069 heredem
1993 4022 2049 4068 et
2091 4030 2184 4067 me
2220 4012 2521 4083 scripserat
2539 4015 2552 4042 ³
2580 4012 2696 4069 Cic.

391 4111 496 4165 pro
535 4096 752 4152 Milone
792 4099 895 4152 18:
938 4098 1008 4153 cf.
1049 4098 1264 4152 Poste's
1302 4095 1480 4152 Gaius
1518 4114 1573 4167 p.
1607 4096 1753 4165 219),
1792 4094 1833 4151 it
1870 4113 1986 4151 was
2021 4096 2263 4151 deemed
2300 4094 2586 4166 improper
2612 4096 2701 4150 sor

392 4178 548 4233 them
579 4190 639 4235 to
673 4180 750 4235 do
785 4198 852 4236 so
878 4180 1081 4251 (Gaius
1106 4180 1162 4236 ii.
1195 4179 1334 4249 108),
1361 4181 1478 4236 and
1505 4179 1720 4249 Ulpian
1746 4181 2034 4251 expressly
2060 4180 2271 4235 affirms
2308 4180 2456 4235 their
2483 4179 2699 4235 incom-

391 4272 630 4331 petence
649 4262 708 4318 in
731 4264 865 4334 Dig.
882 4267 967 4320 28.
992 4280 1035 4320 ι.
1053 4280 1140 4320 20.
1155 4281 1239 4334 pr.
1304 4266 1356 4319 It
1382 4263 1430 4319 is
1455 4263 1821 4335 conjectured
1839 4264 1962 4318 that
1986 4262 2099 4319 this
2122 4264 2234 4319 last
2258 4279 2501 4333 passage
2519 4261 2700 4318 either

393 4342 442 4397 is
467 4362 540 4399 an
567 4346 981 4417 interpolation,
1010 4365 1074 4403 or
1097 4349 1304 4403 relates
1330 4348 1463 4417 only
1489 4356 1550 4403 to
1574 4346 1899 4417 praetorian
1926 4346 2083 4414 wills,
2108 4363 2173 4401 as
2198 4344 2478 4415 Justinian
2506 4342 2564 4398 in
2584 4343 2697 4399 this

391 4428 608 4483 section
645 4430 854 4501 speaks
889 4448 956 4486 as
993 4430 1041 4486 if
1069 4432 1141 4486 he
1182 4431 1300 4487 had
1331 4429 1501 4489 made
1531 4448 1568 4488 a
1601 4431 1883 4502 complete
1913 4430 2134 4501 change
2169 4428 2227 4485 in
2265 4426 2565 4497 excludin'g
2600 4428 2698 4483 the

391 4510 698 4585 testimony
723 4512 789 4569 of
803 4514 966 4571 these
988 4530 1241 4585 persons».
