3230 5116
377 430 482 484 Tit.
509 423 612 492 16.]
837 425 962 480 DE
999 424 1464 482 PUPILLARI
1497 425 1549 480 S
1557 425 1714 480 UBS
1718 424 1859 480 TIT
1866 425 1975 480 UT
1972 425 2201 483 IONE.
2552 418 2677 503 263

371 608 549 674 quae
591 600 950 676 postquam
990 591 1281 675 pupillus
1320 589 1685 656 adoleverit
1725 589 2109 656 infirmatur.
2201 590 2413 675 Igitur
2441 591 2507 656 in
2555 614 2675 676 pu·
2702 600 2737 655 2

371 696 590 778 pillari
620 696 1089 760 substitutione
1113 697 1478 760 secundum
1509 695 1879 778 praefatum
1905 697 2179 761 modum
2210 697 2513 780 ordinata
2543 698 2679 762 duo

372 801 878 883 quodammodo
929 810 1082 865 sunt
1135 809 1556 876 testamenta,
1607 801 1888 866 alterum
1942 802 2164 884 patriS,
2210 802 2495 867 alterum
2546 802 2679 881 filii,

371 915 718 988 tamquam
771 907 826 969 si
886 907 1030 988 ipse
1081 905 1255 970 filius
1299 906 1424 970 sibi
1474 906 1786 971 heredem
1834 907 2265 972 instituisset:
2333 918 2451 971 aut
2502 915 2681 972 certe

370 1031 580 1074 unum
617 1020 720 1076 est
749 1020 1225 1076 testamentum
1258 1012 1536 1075 duarum
1567 1031 1933 1090 causarum,
1955 1012 2023 1075 id
2056 1021 2156 1075 est
2185 1012 2463 1076 duarum
2494 1010 2681 1076 here-

369 1114 680 1178 ditatum.
772 1113 894 1180 Sin
934 1126 1159 1180 autem
1204 1116 1354 1198 quis
1397 1115 1492 1178 ita
1530 1115 1995 1180 formidolosus
2030 1117 2136 1193 sit,
2172 1125 2247 1179 ut
2277 1115 2561 1191 timeret,
2594 1136 2680 1179 ne
2706 1127 2741 1182 3

369 1217 544 1282 filius
597 1220 737 1282 eius
795 1218 1084 1301 pupillus
1136 1219 1356 1283 adhuc
1421 1241 1510 1283 ex
1571 1240 1669 1294 e0,
1725 1219 1901 1301 quod
1962 1218 2185 1301 palam
2246 1220 2679 1284 substitutum

368 1324 643 1406 accepit,
704 1334 858 1405 post
917 1324 1173 1388 obitum
1233 1325 1372 1388 eius
1441 1325 1732 1407 periculo
1792 1325 2174 1388 insidiarum
2238 1325 2679 1389 subiceretur:

368 1426 710 1510 vulgarem
762 1428 1030 1510 quidem
1087 1428 1627 1493 substitutionem
1686 1427 1911 1511 palam
1961 1428 2175 1492 facere
2228 1436 2297 1492 et
2342 1429 2409 1491 in
2454 1429 2681 1511 primis

369 1532 756 1595 testamenti
804 1531 1104 1614 partibus
1155 1530 1375 1609 debet,
1436 1532 1619 1595 illam
1679 1542 1904 1596 autem
1958 1531 2517 1608 substitutionem,
2561 1552 2682 1616 per

369 1653 574 1716 quam
605 1644 673 1698 et
703 1635 758 1698 si
787 1634 982 1699 heres
1013 1635 1309 1701 extiterit
1349 1634 1639 1718 pupillus
1676 1646 1745 1700 et
1787 1637 1957 1699 intra
1997 1636 2420 1717 pubertatem
2451 1634 2681 1699 decesa

371 1739 530 1802 serit
581 1740 978 1804 substitutus
1029 1750 1321 1817 vocatur,
1381 1740 1736 1822 separatim
1788 1740 1857 1802 in
1916 1738 2325 1804 inferioribus
2385 1739 2685 1821 partibus

370 1841 654 1907 scribere
692 1863 976 1925 eamque
1011 1853 1272 1927 partem
1309 1845 1574 1926 proprio
1615 1843 1750 1907 lino
1790 1844 2187 1925 propriaque
2231 1862 2381 1906 cera
2421 1843 2681 1925 consig-

373 1961 531 2010 nare
563 1955 630 2012 et
661 1947 728 2010 in
758 1949 973 2029 priore
1002 1957 1193 2030 parte
1229 1949 1617 2012 testamenti
1658 1968 1903 2026 cavere,
1934 1968 2020 2010 ne
2048 1947 2384 2011 inferiores
2414 1946 2683 2011 tabulae

369 2051 519 2114 vivo
551 2050 684 2115 filio
715 2061 786 2116 et
814 2051 1034 2117 adhuc
1070 2053 1416 2135 impubere
1451 2053 1851 2135 aperiantur.
1940 2049 2103 2115 illud
2145 2051 2366 2133 palam
2416 2061 2517 2114 est
2548 2070 2679 2114 non

372 2156 522 2220 ideo
555 2157 769 2222 minus
785 2156 1004 2222 valere
1035 2158 1577 2224 substitutionem
1602 2156 1961 2240 impuberis
1993 2155 2125 2234 filii,
2155 2157 2335 2239 quod
2368 2157 2434 2219 in
2466 2156 2680 2220 isdem

371 2261 614 2326 tabulis
663 2263 912 2346 scripta
961 2264 1063 2341 sit,
1117 2263 1356 2347 quibus
1411 2263 1532 2328 sibi
1580 2264 1861 2346 quisque
1911 2261 2223 2326 heredem
2271 2260 2681 2340 instituisset,

370 2367 674 2447 quamvis
733 2365 860 2432 hoc
920 2368 1172 2451 pupillo
1232 2369 1676 2452 periculosum
1736 2369 1841 2433 sit.
1961 2367 2117 2430 Non
2174 2366 2391 2432 solum
2452 2376 2677 2431 autem
2704 2374 2741 2426 4

367 2467 724 2535 heredibus
756 2473 1074 2536 institutis
1095 2472 1546 2554 impuberibus
1576 2472 1801 2537 liberis
1832 2472 1927 2536 ita
1950 2471 2348 2536 substituere
2372 2479 2681 2553 parentes

367 2586 662 2658 possunt,
709 2586 785 2642 ut
835 2586 904 2641 et
956 2578 1010 2642 si
1057 2576 1336 2643 heredes
1388 2578 1483 2643 eis
1535 2578 1884 2643 extiterint
1938 2585 2008 2641 et
2059 2586 2215 2640 ante
2259 2575 2680 2658 pubertatem

371 2680 612 2744 mortui
643 2680 902 2756 fuerint,
945 2682 1033 2746 sit
1071 2683 1168 2747 eis
1209 2682 1400 2747 heres
1441 2682 1496 2746 is
1536 2702 1737 2763 quem
1776 2681 1900 2763 ipsi
1932 2679 2275 2755 voluerint,
2315 2678 2434 2743 sed
2478 2679 2680 2743 etiam

370 2893 582 2965 special
619 2892 958 2965 permission
984 2894 1132 2949 from
1170 2897 1269 2951 the
1307 2898 1588 2965 Emperor
1625 2911 1661 2949 a
1696 2893 1881 2949 father
1916 2892 2096 2963 might
2130 2908 2300 2947 name
2324 2907 2400 2945 an
2436 2890 2561 2945 heir
2595 2890 2682 2945 sor

369 2996 408 3034 a
449 2978 602 3033 child
645 2978 769 3032 who
813 2995 928 3032 was
967 2996 1042 3033 on
1083 2980 1248 3034 other
1294 2978 1544 3050 grounds
1588 2977 1849 3032 disabled
1898 2977 2042 3030 from
2090 2974 2325 3043 making
2363 2990 2399 3028 a
2438 2972 2547 3026 will
2595 2971 2684 3026 for

370 3063 612 3133 himself,
635 3063 738 3117 but
775 3064 918 3117 such
953 3063 1348 3135 appointment
1385 3064 1624 3117 became
1649 3060 1783 3115 void
1820 3060 1868 3114 is
1895 3058 1992 3114 the
2024 3057 2343 3129 incapacity
2368 3056 2592 3124 ceased‚
2619 3072 2685 3111 or

369 3148 466 3203 the
492 3146 646 3202 child
669 3145 785 3201 had
811 3163 848 3201 a
876 3163 1010 3201 suus
1036 3148 1201 3203 heres
1227 3148 1370 3203 born
1396 3156 1454 3202 to
1479 3145 1617 3215 him,
1646 3144 1776 3215 Dig.
1806 3145 1887 3198 28.
1917 3142 1968 3198 6.
1992 3156 2080 3211 43.
2106 3159 2187 3212 pr.

442 3232 560 3299 §2
613 3232 680 3286 In
728 3248 814 3302 pr.
863 3231 960 3287 the
1003 3230 1338 3286 substitutus
1389 3230 1436 3285 is
1487 3229 1613 3284 said
1662 3238 1723 3283 to
1771 3229 2010 3283 become
2057 3225 2181 3281 heir
2229 3234 2289 3279 to
2336 3224 2435 3280 the
2490 3221 2680 3279 child:

370 3313 573 3371 earlier
617 3315 692 3370 he
730 3332 918 3370 seems
965 3317 1158 3370 rather
1195 3325 1255 3369 to
1304 3315 1450 3369 have
1497 3313 1645 3369 been
1690 3310 1967 3382 regarded
2016 3326 2083 3365 as
2131 3325 2427 3365 successor
2472 3318 2533 3363 to
2582 3308 2681 3364 the

369 3400 572 3463 father,
593 3398 670 3454 ‘si
692 3398 830 3454 mihi
855 3396 1002 3454 filius
1027 3398 1291 3469 gignitur,
1318 3398 1479 3469 isque
1503 3396 1659 3468 prius
1686 3396 1921 3451 moritur
1948 3394 2146 3465 [quam
2172 3392 2229 3447 in
2256 3409 2418 3448 suam
2443 3392 2680 3447 tutelam

369 3483 578 3549 veniat,
602 3481 704 3553 sc.]
740 3492 862 3537 tum
900 3494 960 3537 ut
997 3481 1136 3537 mihi
1172 3482 1265 3536 ille
1304 3479 1377 3537 sit
1412 3481 1605 3536 heres’
1632 3480 1751 3536 Cic.
1778 3479 1852 3535 de
1875 3489 2016 3533 orat.
2044 3492 2091 3533 2.
2121 3492 2211 3546 32,
2236 3476 2383 3531 ‘non
2418 3472 2551 3545 filio,
2576 3474 2681 3531 sed

369 3567 508 3623 sibi’
533 3567 605 3622 de
629 3566 836 3621 invent.
868 3581 917 3623 2.
944 3581 1043 3633 213
1079 3566 1149 3620 cf.
1179 3565 1308 3634 Dig.
1338 3578 1421 3634 37.
1461 3580 1541 3619 11.
1567 3565 1613 3619 8.
1651 3579 1692 3619 1.

441 3651 567 3705 The
603 3650 882 3720 pupillary
913 3648 1296 3718 substitution,
1341 3666 1404 3703 as
1455 3665 1697 3719 appears
1745 3647 1890 3702 from
1931 3643 1958 3716 ξ
1994 3661 2025 3715 3
2054 3644 2168 3715 inf„
2211 3639 2393 3714 might
2428 3643 2503 3699 be
2546 3659 2679 3699 con-

367 3733 563 3791 tained
601 3734 658 3790 in
697 3752 732 3789 a
767 3745 1028 3804 separate
1065 3734 1420 3802 instrument,
1454 3749 1518 3787 or
1554 3748 1697 3788 even
1738 3730 1795 3785 in
1834 3748 1869 3785 a
1906 3740 2168 3800 separate
2195 3728 2321 3797 will,
2352 3726 2481 3797 Dig.
2510 3727 2598 3782 28.
2622 3724 2678 3782 6.

377 3818 461 3873 16.
496 3832 540 3887 1,
567 3815 640 3873 ib.
668 3833 750 3872 20.
789 3832 830 3885 1,
857 3817 1072 3886 though
1111 3816 1170 3871 in
1204 3816 1302 3871 the
1332 3816 1499 3870 latter
1532 3831 1665 3869 case
1703 3814 1799 3869 the
1832 3814 2037 3883 pater’s
2064 3812 2173 3866 will
2210 3821 2361 3866 must
2397 3810 2472 3865 be
2507 3809 2678 3865 made

371 3900 508 3971 first,
535 3900 666 3971 Dig.
695 3900 770 3955 ib.
798 3915 844 3955 2.
871 3914 908 3967 4
933 3920 945 3956 :
981 3898 1026 3957 it
1063 3915 1196 3968 waS,
1233 3899 1512 3966 however,
1551 3898 1761 3967 always
1798 3894 2078 3965 regarded
2111 3911 2176 3950 as
2208 3911 2245 3949 a
2277 3910 2432 3949 mere
2465 3909 2676 3963 appen-

370 3984 518 4055 dage
543 3986 608 4039 of
623 3984 721 4039 the
747 3985 928 4053 latter,
956 3982 1088 4038 with
1115 3982 1298 4037 which
1325 3980 1367 4036 it
1393 3981 1562 4036 stood
1587 3997 1653 4035 or
1678 3979 1789 4048 fell,
1817 3980 1847 4047 §
1878 3990 1907 4051 5
1936 3977 2050 4047 inf„
2080 3976 2211 4049 Dig.
2240 3978 2323 4033 28.
2352 3977 2402 4032 6.
2432 3990 2507 4032 10.
2536 3990 2590 4043 4.

442 4069 556 4136 §3.
595 4068 774 4123 Gaius
811 4068 1078 4123 observes
1107 4066 1183 4137 (ii.
1220 4064 1340 4135 181)
1379 4065 1504 4119 that
1541 4064 1584 4119 it
1611 4081 1725 4119 was
1764 4064 1850 4118 far
1886 4062 2035 4117 safer
2071 4073 2131 4117 to
2161 4060 2331 4116 make
2365 4060 2506 4117 both
2544 4058 2675 4115 sub-

369 4152 656 4209 stitutions
689 4153 746 4207 in
781 4162 1042 4223 separate
1077 4150 1461 4219 instrumentS‚
1488 4148 1668 4220 ‘quod
1694 4166 1763 4204 ex
1793 4146 1979 4218 priore
2013 4142 2459 4216 [substitutione]
2486 4150 2677 4214 potest

371 4236 618 4307 intellegi
646 4236 704 4291 in
729 4237 908 4291 altera
933 4252 1157 4307 quoque
1183 4234 1336 4289 idern
1361 4251 1488 4289 esse
1514 4232 1885 4288 substitutus)
1958 4232 2073 4285 For
2102 4228 2468 4285 illustrations
2494 4226 2561 4281 of
2576 4226 2674 4281 the

369 4322 587 4391 danger
612 4319 859 4377 referred
884 4330 945 4375 to
979 4336 1076 4374 see
1105 4318 1223 4374 Cic.
1248 4335 1352 4389 pro
1380 4318 1602 4373 Cluent.
1636 4330 1715 4385 11,
1743 4316 1990 4393 Horace,
2017 4315 2132 4370 Sat.
2164 4328 2211 4368 2.
2242 4325 2289 4382 5.
2314 4326 2401 4382 49,
2430 4309 2674 4378 PersiuS,

372 4405 492 4461 Sat.
519 4419 568 4459 2.
601 4418 682 4458 12.
714 4418 794 4473 13,
823 4402 1144 4472 Suetonius,
1173 4401 1373 4457 Galba.
1401 4415 1454 4470 9,
1482 4399 1613 4469 Dig.
1644 4412 1730 4467 27.
1758 4414 1807 4453 2.
1839 4414 1885 4453 1.
1916 4416 1935 4451 1
1968 4418 1983 4464 ;
2019 4398 2103 4465 48.
2139 4411 2221 4466 19.
2246 4409 2329 4464 39.

443 4485 472 4557 ξ
498 4490 555 4542 4.
595 4486 722 4543 The
747 4486 895 4557 right
921 4486 986 4540 of
1002 4484 1368 4554 substituting
1403 4494 1464 4539 to
1498 4482 1867 4539 disinherited
1904 4480 2159 4538 children
2185 4495 2299 4535 was
2324 4472 2581 4535 doubtful
2614 4472 2673 4528 in

371 4570 468 4627 the
492 4570 630 4629 time
653 4571 721 4626 of
740 4570 958 4641 Cice10‚
981 4568 1055 4628 de
1081 4568 1291 4625 invent.
1319 4584 1366 4624 2.
1389 4582 1472 4624 21.
