3230 5116
373 455 472 504 Tit.
493 449 567 520 9.]
836 449 960 505 DE
1001 450 1288 507 BoNoR
1295 452 1428 507 ΠΜ
1462 450 2071 509 POSSESSIONJB
2078 452 2195 509 σε.
2544 447 2629 533 36
2634 467 2671 533 9

373 616 534 691 nati,
567 635 655 679 ex
687 616 927 699 quibus
961 617 1218 701 possint
1247 638 1368 682 sua
1403 616 1543 683 iura
1571 617 1927 696 vindicare,
1958 618 2139 684 omni
2169 618 2675 704 scrupulositate

373 728 441 783 et
471 720 909 785 inextricabili
940 743 1156 787 errore
1185 724 1464 788 duarum
1501 723 1776 787 istarum
1818 725 2144 788 bonorum
2180 726 2670 809 possessionum

373 822 680 887 resoluta.
770 824 998 890 Aliam
1039 848 1197 892 vero
1241 827 1565 890 bonorum
1606 828 2110 910 possessionem,
2152 849 2325 911 quae
2363 828 2543 893 unde
2575 831 2674 894 vir
2702 846 2735 898 7

373 935 441 990 et
487 950 658 992 uxor
699 930 1072 1014 appellatur
1115 942 1182 996 et
1227 952 1404 995 nono
1450 930 1598 996 loco
1648 932 1818 996 inter
1859 941 2115 996 veteres
2151 933 2474 997 bonorum
2518 954 2675 1017 pos-

370 1030 695 1096 sessiones
733 1034 950 1116 posita
991 1034 1219 1112 fuerat,
1255 1044 1322 1099 et
1365 1035 1429 1098 in
1473 1056 1591 1098 suo
1634 1036 1859 1119 vigore
1902 1037 2307 1101 servavimus
2342 1046 2411 1101 et
2439 1037 2674 1102 altiore

371 1131 535 1211 loc0,
591 1135 657 1200 id
713 1148 814 1202 est
873 1148 1086 1218 sexto,
1139 1160 1286 1202 eam
1346 1138 1704 1221 posuimuS‚
1765 1140 2024 1204 decima
2081 1141 2289 1204 veteri
2347 1141 2673 1206 bonorum

370 1239 787 1321 possessione
845 1263 1016 1324 quae
1075 1253 1216 1307 erat
1275 1244 1450 1307 unde
1521 1243 1789 1326 cognati
1850 1244 2345 1307 manumissoris
2404 1255 2674 1328 propter

371 1361 602 1406 causas
656 1355 988 1410 enarratas
1053 1346 1289 1411 merito
1348 1345 1649 1411 sublata:
1712 1356 1785 1410 ut
1844 1366 1966 1410 sex
2024 1350 2492 1413 tantummodo
2550 1350 2672 1414 bo-

371 1466 603 1509 norum
664 1450 1108 1530 possessiones
1169 1450 1534 1522 ordinariae
1594 1460 2031 1533 permaneant
2082 1470 2202 1514 suo
2252 1452 2478 1534 vigore
2529 1452 2672 1535 pol-

371 1548 600 1614 lenteS.
694 1551 997 1635 Septima
1042 1574 1154 1617 eas
1199 1564 1441 1633 secuta,
1485 1574 1688 1636 quam
1734 1554 1991 1636 optima
2036 1555 2289 1619 ratione
2332 1564 2671 1638 praetores
2696 1574 2731 1629 3

369 1652 892 1721 introduxerunt.
983 1658 1336 1721 novissime
1381 1658 1557 1721 enim
1603 1659 2010 1741 promittitur
2054 1659 2272 1723 edicto
2315 1658 2417 1723 his
2465 1660 2670 1726 etiam

369 1759 695 1823 bonorum
726 1763 1071 1845 possessio,
1103 1764 1338 1846 quibus
1370 1771 1444 1826 ut
1484 1763 1680 1827 detur
1719 1763 1867 1846 lege
1907 1760 2013 1827 vel
2059 1772 2327 1827 senatus
2370 1765 2671 1829 consulto

367 1862 473 1925 vel
526 1865 994 1931 constitutione
1054 1866 1603 1951 comprehensum
1659 1875 1781 1943 est,
1828 1886 2027 1949 quam
2078 1888 2295 1949 neque
2345 1868 2669 1932 bonorum

367 1968 890 2048 possessionibus
935 1991 1107 2053 quae
1151 1971 1238 2035 ab
1284 1972 1600 2035 intestato
1644 1970 1916 2034 veniunt
1961 1990 2177 2054 neque
2226 1970 2319 2035 eis
2364 1990 2535 2053 quae
2580 1994 2671 2035 ex

367 2079 772 2137 testamento
813 2085 967 2140 sunt
1012 2085 1276 2159 praetor
1319 2074 1538 2139 stabili
1585 2075 1724 2138 iure
1766 2075 2279 2148 connumeravit,
2322 2076 2439 2140 sed
2481 2076 2671 2159 quasi

368 2174 675 2241 ultimum
729 2187 797 2242 et
844 2181 1440 2245 extraordinarium
1492 2179 1835 2258 auxilium,
1888 2188 2086 2262 prout
2131 2199 2234 2243 res
2282 2179 2510 2262 exigit,
2563 2201 2674 2245 ac-

367 2284 815 2347 commodavit
874 2284 1122 2349 scilicet
1191 2285 1314 2361 his,
1378 2283 1489 2367 qui
1551 2306 1639 2347 ex
1705 2282 1985 2367 legibus·
2032 2292 2300 2348 senatus
2353 2284 2671 2349 consultis

369 2387 946 2453 constitutionibus
999 2390 1366 2473 principum
1419 2409 1508 2451 ex
1562 2408 1733 2453 novo
1784 2389 1924 2451 iure
1973 2386 2080 2452 vel
2133 2408 2222 2452 ex
2269 2396 2671 2453 testamento

365 2486 470 2551 vel
514 2489 600 2553 ab
647 2491 962 2557 intestato
1000 2492 1291 2557 veniunt.
1405 2490 1578 2556 Cum
1621 2490 1821 2576 igitur
1857 2491 2079 2575 plures
2120 2491 2373 2576 species
2414 2513 2671 2558 succes-

368 2592 627 2657 sionum
661 2605 925 2678 praetor
955 2598 1430 2662 introduxisset
1462 2617 1707 2679 easque
1737 2617 1858 2679 per
1898 2598 2197 2660 ordinem
2238 2597 2671 2680 disposuisset
2694 2602 2729 2658 9

367 2706 436 2760 et
489 2697 555 2760 in
622 2721 1017 2785 unaquaque
1087 2701 1308 2784 specie
1377 2701 1808 2766 successionis
1878 2721 2080 2783 saepe
2145 2698 2365 2783 plures
2434 2710 2671 2766 extent

367 2803 612 2884 dispari
660 2807 870 2886 gradu
923 2825 1280 2888 personae:
1327 2826 1410 2869 ne
1463 2805 1760 2868 actiones
1812 2804 2209 2868 creditorum
2262 2803 2667 2881 differantur,

367 2907 485 2969 sed
531 2907 854 2974 haberent
899 2931 1066 2993 quos
1109 2910 1548 2988 convenirent,
1587 2919 1655 2974 et
1702 2931 1787 2972 ne
1833 2908 2025 2973 facile
2070 2907 2135 2972 in
2180 2909 2667 2991 possessionem

367 3010 693 3076 bonorum
725 3013 1020 3082 defuncti
1051 3015 1399 3078 mittantur
1429 3021 1497 3076 et
1533 3033 1615 3076 eo
1658 3013 1859 3076 modo
1900 3011 2025 3075 sibi
2055 3012 2488 3090 consulerent,
2520 3013 2671 3077 ideo

367 3116 698 3195 petendae
756 3116 1080 3181 bonorum
1152 3116 1553 3201 possessioni
1622 3125 1876 3180 certum
1947 3124 2212 3197 tempus
2274 3114 2667 3198 praefinivit.

365 3216 586 3296 liberis
635 3222 859 3304 itaque
905 3232 973 3286 et
1018 3222 1400 3304 parentibus
1445 3232 1585 3286 tam
1632 3219 2040 3285 naturalibus
2093 3240 2292 3302 quam
2339 3219 2669 3303 adoptivis

367 3322 434 3386 in
464 3327 755 3407 petenda
784 3327 1108 3391 bonorum
1147 3327 1561 3410 possessione
1592 3325 1749 3389 anni
1791 3325 2099 3407 spatium,
2131 3323 2365 3389 ceteris
2402 3333 2667 3388 centum

366 3427 619 3491 dierum
652 3429 859 3494 dedit.
949 3431 1041 3494 Et
1087 3430 1142 3493 si
1184 3431 1354 3494 intra
1397 3429 1525 3494 hoc
1569 3437 1836 3512 tempus
1879 3427 2115 3510 aliquis
2153 3427 2475 3492 bonorum
2512 3448 2665 3511 pos·
2697 3449 2764 3507 10

366 3533 724 3597 sessionem
777 3555 908 3598 non
967 3533 1248 3617 petierit,
1310 3532 1607 3597 eiusdem
1661 3532 1905 3616 gradus
1964 3530 2259 3614 personis
2286 3530 2665 3597 adcrescit:

364 3634 471 3698 vel
525 3637 578 3700 si
633 3657 830 3701 nemo
883 3639 988 3718 sit,
1037 3638 1346 3720 deinceps
1398 3637 1631 3702 ceteris
1696 3635 1973 3719 proinde
2022 3635 2349 3699 bonorum
2408 3655 2670 3718 posses-

368 3739 620 3804 sionem
643 3762 732 3804 ex
757 3744 1159 3807 successorio
1184 3743 1401 3807 edicto
1425 3741 1789 3824 pollicetur,
1813 3760 1891 3804 ac
1921 3741 1976 3804 si
2007 3741 2060 3803 is
2092 3740 2204 3822 qui
2229 3738 2669 3822 praecedebat

369 3864 457 3907 ex
487 3864 568 3908 eo
598 3865 870 3910 numero
899 3866 1031 3911 non
1062 3854 1254 3911 esset.
1329 3848 1384 3910 si
1420 3847 1568 3929 quis
1603 3845 1829 3928 itaque
1860 3845 2153 3910 delatam
2184 3845 2310 3909 sibi
2338 3845 2665 3909 bonorum

366 3950 850 4032 possessionem
911 3952 1366 4034 repudiaverit,
1418 3971 1548 4014 non
1609 3971 1955 4034 quousque
2014 3959 2279 4032 tempus
2337 3949 2665 4014 bonorum

366 4055 761 4135 possessioni
832 4057 1252 4138 praefinitum
1323 4058 1685 4121 excesserit
1751 4061 2198 4140 exspectatur,
2258 4054 2375 4118 sed
2436 4055 2665 4118 statim

365 4159 564 4222 ceteri
625 4180 714 4222 ex
775 4162 1009 4224 eodem
1072 4160 1290 4224 edicto
1360 4159 1822 4224 admittuntur.
1943 4158 2023 4222 In
2081 4158 2376 4241 petenda
2440 4166 2665 4222 autem
2696 4159 2759 4212 11

363 4261 688 4327 bonorum
733 4265 1151 4346 possessione
1199 4264 1343 4329 dies
1391 4263 1586 4328 utiles
1638 4261 1875 4347 singuli
1921 4263 2437 4328 considerantur.
2526 4261 2665 4326 Sed
2696 4265 2761 4319 12

438 4489 466 4562 §
505 4493 586 4546 11.
624 4493 750 4548 The
786 4492 1114 4548 distinction
1149 4494 1406 4548 between
1442 4503 1667 4563 tempus
1704 4491 1841 4548 utile
1876 4491 1992 4547 and
2027 4491 2359 4548 continuum
2387 4490 2492 4545 has
2518 4491 2664 4544 been

363 4575 596 4648 already
615 4575 916 4647 explained
941 4593 1014 4632 on
1044 4577 1148 4634 Bk.
1175 4576 1230 4633 ii.
1258 4593 1334 4649 19.
1367 4589 1394 4648 5
1421 4593 1573 4646 supr.
1618 4578 1743 4632 The
1770 4575 1899 4632 idea
1918 4576 1984 4632 of
1999 4577 2097 4634 the
2120 4575 2330 4632 former
2347 4571 2666 4662 originated

1460 4666 1578 4730 Bb
