3230 5116
478 414 505 459 1
522 395 603 463 26
886 403 1034 459 INS
1041 403 1095 457 T
1090 402 1134 457 I
1134 404 1187 456 T
1191 402 1253 457 U
1252 402 1304 455 T
1299 402 1457 457 [ΟΝ
1461 402 1591 457 UM
1627 400 1870 456 LIBRI·
1905 400 2074 486 QUA
2091 402 2198 456 TT
2204 401 2382 457 UOR.
2585 402 2715 469 [Lib.
2739 410 2778 457 1.

412 578 451 629 9
475 588 849 633 sororemve
894 590 983 631 ex
1031 568 1451 633 matrimonio
1505 576 1740 650 postea
1787 575 2128 631 contracto
2179 576 2391 632 natos.
2485 566 2556 631 Si
2611 588 2781 631 uxor

474 682 589 736 tua
635 683 787 755 post
830 672 1183 735 divortium
1225 692 1313 735 ex
1358 670 1489 735 alio
1542 670 1746 735 filiam
1794 672 2248 753 procreaverit,
2291 670 2456 735 haec
2501 691 2630 735 non
2679 683 2781 735 est

474 776 741 859 quidem
769 776 1068 857 privigna
1099 785 1249 839 tua:
1296 776 1414 839 sed
1451 774 1742 839 Iulianus
1773 775 2147 838 huiusmodi
2179 776 2422 857 nuptiis
2451 775 2780 838 abstinere

472 880 717 943 debere
775 882 908 943 ait:
984 900 1137 942 nam
1198 900 1319 943 nec
1380 900 1690 962 sponsam
1746 878 1861 942 filii
1915 898 2146 941 nurum
2201 899 2347 942 esse
2399 898 2522 942 nec
2574 880 2782 961 patris

476 1002 788 1063 sponsam
821 1003 1169 1047 novercam
1202 1004 1363 1061 esse,
1396 983 1633 1047 rectius
1665 992 1889 1046 tamen
1921 992 1990 1045 et
2022 984 2155 1045 iure
2184 980 2471 1045 facturos
2502 1003 2634 1057 eos,
2667 982 2778 1063 qui

383 1090 449 1143 10
474 1086 850 1151 huiusmodi
895 1089 1140 1169 nuptiis
1184 1109 1257 1151 se
1302 1088 1757 1151 abstinuerint.
1799 1068 2022 1151 [Illud
2071 1096 2323 1151 certum
2369 1096 2468 1150 est
2514 1086 2780 1151 serviles

476 1211 739 1273 quoque
783 1192 1209 1273 cognationes
1254 1190 1925 1299 impedimento)esse
1971 1191 2234 1271 nuptiiS,
2277 1191 2330 1253 si
2377 1188 2546 1253 forte
2590 1199 2782 1272 pater

382 1303 445 1357 11
477 1304 545 1359 et
591 1294 727 1359 filia
770 1307 885 1359 aut
932 1297 1133 1360 frater
1166 1305 1232 1359 et
1278 1315 1459 1360 soror
1505 1295 1891 1359 manumissi
1937 1294 2196 1357 fuerint.
2289 1292 2462 1357 Sunt
2503 1303 2572 1357 et
2609 1294 2781 1358 aliae

474 1420 812 1481 personae,
858 1421 1028 1483 quae
1079 1409 1351 1483 propter
1401 1400 1692 1464 diversas
1747 1401 2029 1464 rationes
2083 1400 2344 1482 nuptias
2394 1398 2782 1462 contrahere

474 1502 923 1585 prohibentur,
970 1525 1133 1586 quas
1186 1504 1251 1566 in
1311 1503 1492 1569 libris
1544 1505 1952 1587 digestorum
2005 1524 2119 1567 seu
2169 1503 2640 1587 pandectarum
2691 1522 2779 1565 ex

473 1608 677 1670 veteri
725 1608 860 1671 iure
905 1606 1327 1671 collectarum
1376 1610 1739 1673 enumerari
1784 1608 2216 1690 permisimus.

383 1727 451 1779 12
567 1708 640 1773 Si
670 1712 982 1774 adversus
1036 1732 1115 1774 ea
1168 1733 1337 1795 quae
1396 1714 1689 1775 diximus
1736 1712 1939 1793 aliqui
1999 1711 2289 1784 coierint,
2347 1731 2468 1773 nec
2515 1710 2614 1772 vir
2661 1729 2781 1773 nec

476 1835 648 1877 uxor
704 1835 825 1879 nec
892 1816 1165 1898 nuptiae
1232 1836 1353 1880 nec
1422 1818 1916 1880 matrimonium
1987 1835 2110 1879 nec
2178 1815 2302 1877 dos
2360 1814 2781 1895 intellegitur.

476 1918 700 2001 itaque
745 1920 807 1997 ii,
849 1921 960 2001 qui
1002 1941 1091 1983 ex
1136 1941 1217 1983 eo
1266 1920 1441 1984 coitu
1491 1930 1863 1997 nascuntur,
1910 1920 1974 1983 in
2020 1928 2354 2002 potestate
2398 1917 2604 2001 patris
2649 1938 2783 1981 non

474 2034 645 2101 sunt,
676 2025 793 2086 sed
825 2024 992 2088 tales
1036 2034 1207 2103 sunt,
1240 2034 1561 2105 quantum
1596 2025 1683 2087 ad
1725 2022 2008 2107 patriam
2041 2032 2442 2105 potestatem
2474 2022 2780 2105 pertinet,

475 2128 705 2209 quales
735 2138 886 2192 sunt
916 2130 977 2206 ii,
1007 2149 1174 2211 quos
1208 2136 1419 2191 mater
1447 2128 1645 2210 vulgo
1676 2128 1994 2210 concepit.
2081 2147 2238 2191 nam
2271 2146 2392 2191 nec
2423 2126 2490 2189 hi
2523 2136 2782 2207 patrem

476 2231 719 2295 habere
755 2232 1239 2315 intelleguntur,
1279 2253 1430 2297 cum
1472 2234 1525 2295 is
1575 2233 1775 2296 etiam
1822 2234 2108 2295 incertus
2155 2240 2294 2294 est:
2349 2232 2525 2294 unde
2567 2230 2783 2294 solent

457 2334 592 2399 filii
623 2338 821 2418 spurii
851 2336 1191 2419 appellari,
1222 2336 1328 2400 vel
1357 2359 1396 2399 a
1435 2336 1687 2400 Graeca
1718 2357 1878 2399 voce
1917 2337 2104 2418 quasi
2151 2332 2452 2413 σποράδην
2483 2337 2782 2417 concepti

476 2419 581 2501 ve]
626 2432 810 2521 quasi
858 2442 1000 2504 sine
1044 2450 1231 2522 patre
1277 2440 1408 2503 filii.
1509 2442 1804 2522 sequitur
1843 2460 2017 2521 erg0,
2065 2450 2137 2502 ut
2183 2450 2250 2502 et
2295 2437 2619 2502 dissoluto
2663 2437 2782 2501 tali

476 2543 655 2606 coitu
708 2564 829 2607 nec
890 2544 1067 2607 dotis
1124 2542 1455 2607 exactioni
1516 2542 1698 2607 locus
1757 2542 1858 2606 sit.
1970 2542 2080 2624 qui
2132 2552 2357 2606 autem
2416 2540 2782 2624 prohibitas

476 2648 740 2729 nuptias
784 2657 1043 2725 coeunt,
1097 2655 1164 2710 et
1215 2647 1377 2712 alias
1437 2667 1684 2731 poenas
1742 2647 2095 2730 patiuntur,
2143 2666 2312 2729 quae
2371 2645 2570 2710 sacris
2626 2664 2784 2709 con-

473 2752 925 2816 stitutionibus
970 2754 1405 2816 continentur.

550 2941 580 3007 ᾧ
608 2942 700 2993 10.
742 2940 939 2994 Slaves
966 2955 1111 2993 were
1138 2938 1435 3008 incapable
1461 2938 1527 2993 os
1543 2937 1822 3008 marriage
1851 2938 2041 3007 (sensu
2060 2938 2250 3008 legali)
2279 2938 2343 2992 of
2361 2954 2476 3006 any
2497 2936 2656 3006 kind,
2682 2937 2782 2991 but

477 3041 514 3078 a
532 3032 866 3093 permanent
893 3021 1229 3077 connection
1254 3023 1509 3078 between
1526 3033 1637 3077 two
1663 3023 1866 3090 slaves,
1886 3039 1950 3076 or
1975 3039 2010 3076 a
2036 3025 2190 3077 slave
2215 3022 2330 3077 and
2356 3019 2395 3077 a
2417 3021 2534 3076 free
2559 3037 2784 3091 person,

479 3124 593 3161 was
632 3106 814 3160 called
846 3105 1293 3174 contubernium,
1335 3107 1489 3160 Paul.
1524 3115 1667 3160 sent.
1693 3123 1803 3160 rec.
1832 3121 1883 3160 2.
1917 3121 1993 3175 19.
2020 3105 2073 3160 6.
2151 3107 2306 3161 Here
2333 3106 2430 3161 the
2455 3105 2676 3159 natural
2700 3120 2785 3157 re-

480 3190 656 3245 lation
696 3191 760 3244 of
789 3190 973 3245 father
1007 3190 1121 3244 and
1155 3189 1309 3244 child
1332 3206 1447 3243 was
1479 3199 1539 3243 to
1572 3207 1734 3244 some
1767 3199 1958 3244 extent
1993 3189 2328 3259 recognised
2354 3207 2365 3242 :
2403 3205 2451 3243 e.
2465 3205 2517 3258 g.
2545 3203 2610 3242 as
2637 3186 2786 3240 iusta

479 3291 653 3328 causa
701 3273 1163 3328 manumissionis
1214 3273 1393 3327 under
1436 3273 1532 3327 the
1582 3273 1672 3328 lex
1721 3272 1885 3327 Aelia
1935 3271 2149 3341 Sentia‚
2209 3273 2385 3327 Gaius
2424 3271 2460 3326 i.
2505 3285 2585 3340 19.
2674 3271 2784 3323 Ac-

478 3356 788 3426 cordingly,
835 3357 997 3411 when
1044 3357 1226 3410 slaves
1270 3355 1385 3410 had
1427 3356 1668 3410 become
1712 3355 1845 3422 free,
1890 3355 2005 3408 and
2048 3356 2178 3409 thus
2229 3354 2467 3424 capable
2509 3354 2570 3406 of
2616 3352 2784 3406 inter-

480 3439 775 3507 marriage,
804 3439 936 3507 they
962 3455 1107 3492 were
1134 3439 1263 3492 held
1288 3448 1348 3492 to
1374 3438 1445 3493 be
1472 3437 1666 3492 within
1692 3439 1789 3492 the
1815 3438 1963 3491 rules
1989 3454 2052 3490 as
2079 3448 2138 3492 to
2163 3436 2488 3507 prohibited
2514 3437 2770 3505 degrees.

554 3519 582 3590 ξ
610 3525 701 3575 12.
743 3520 1012 3575 Children
1043 3521 1187 3574 born
1222 3520 1287 3575 of
1312 3538 1347 3575 a
1380 3521 1718 3575 connection
1745 3519 1928 3575 which
1952 3536 2066 3574 was
2101 3529 2201 3574 not
2235 3537 2270 3574 a
2305 3519 2453 3588 legal
2485 3517 2784 3588 marriage,

478 3603 663 3659 either
698 3604 943 3657 because
970 3603 1013 3658 it
1039 3621 1151 3657 was
1178 3603 1500 3673 prohibited
1536 3604 1613 3673 by
1640 3621 1798 3658 some
1836 3602 2076 3673 positive
2102 3604 2238 3670 rule,
2265 3620 2330 3657 or
2353 3602 2602 3656 because
2625 3602 2784 3657 there

478 3704 595 3741 was
632 3704 708 3741 no
744 3685 1018 3740 maritalis
1056 3685 1297 3755 affectiO,
1326 3703 1470 3740 were
1503 3685 1764 3756 deemed,
1807 3702 1871 3740 as
1916 3703 1951 3739 a
1989 3687 2124 3753 rule,
2162 3695 2223 3739 to
2268 3686 2410 3740 have
2450 3701 2526 3738 no
2563 3683 2784 3739 father:

480 3770 680 3840 ‘vulgo
718 3769 976 3839 concepti
1016 3768 1291 3838 dicuntur,
1320 3769 1414 3839 qui
1441 3781 1662 3840 patrem
1699 3769 2089 3823 demonstrare
2126 3786 2240 3823 non
2278 3779 2532 3838 possunt,
2561 3769 2649 3821 vel
2687 3766 2783 3838 qui

480 3863 719 3924 possunt
757 3851 1003 3922 quidem,
1040 3851 1144 3907 sed
1180 3869 1311 3906 eum
1349 3853 1560 3907 habent
1600 3869 1770 3923 quem
1807 3851 2018 3906 habere
2055 3867 2171 3905 non
2208 3851 2354 3918 licet,
2382 3849 2478 3922 qui
2516 3861 2572 3905 et
2610 3849 2784 3920 spurii

480 3936 837 4007 appellantur
870 3936 1010 4005 παρὰ
1045 3935 1138 4004 τὴν
1173 3936 1399 4004 σποράν’
1438 3935 1567 4004 Dig.
1605 3951 1646 3989 1.
1680 3947 1726 4004 5.
1754 3950 1839 4003 23.
1915 3935 2068 3990 Such
2105 3953 2142 3988 a
2177 3933 2515 3990 connection
2542 3935 2704 3988 when
2742 3933 2786 3989 it

480 4019 792 4074 amounted
828 4028 887 4072 to
925 4029 1198 4088 stuprum,
1232 4018 1587 4088 adulterium,
1628 4034 1692 4072 or
1729 4018 1992 4087 incestuS,
2019 4034 2135 4072 was
2169 4017 2375 4073 visited
2413 4017 2547 4072 with
2585 4034 2784 4072 severe

482 4101 759 4173 penalties
784 4102 861 4170 by
886 4102 983 4156 the
1008 4103 1097 4156 lex
1126 4101 1270 4155 Iulia
1294 4101 1367 4156 de
1392 4100 1682 4156 adulteriis
1712 4101 1840 4170 (Bk.
1859 4101 1932 4155 iv.
1961 4103 2040 4155 18.
2064 4115 2102 4167 4
2126 4099 2282 4168 inf->3
2319 4100 2334 4128 ‘
2349 4111 2608 4170 stuprum
2632 4116 2783 4154 com-

482 4184 673 4252 mittit,
698 4185 793 4256 qui
820 4185 1056 4240 liberam
1092 4185 1404 4254 mulierem,
1430 4184 1857 4240 consuetudinis
1895 4202 2083 4252 causa,
2109 4202 2225 4239 non
2263 4182 2625 4252 matrimonii,
2653 4201 2784 4237 con-

482 4267 642 4337 tinet,
687 4279 922 4339 excepta
965 4267 1228 4323 videlicet
1265 4267 1619 4322 concubina'
1648 4267 1779 4337 Dig.
1804 4269 1892 4335 48.
1923 4281 1969 4337 5.
1997 4282 2082 4335 34.
2117 4283 2159 4322 1.
2235 4269 2407 4326 From
2443 4267 2556 4322 this
2596 4266 2638 4321 it
2676 4267 2787 4321 will

482 4352 557 4406 be
577 4352 924 4407 understood
948 4352 1070 4406 that
1096 4351 1523 4420 concubinatuS,
1544 4370 1579 4406 a
1595 4362 1930 4422 permanent
1947 4351 2282 4406 connection
2303 4351 2534 4407 without
2561 4349 2787 4405 affectio

484 4434 775 4504 maritaliS,
815 4451 930 4491 was
966 4452 1005 4489 a
1040 4434 1276 4490 relation
1315 4435 1590 4493 tolerated
1627 4436 1706 4504 by
1735 4434 1881 4490 law:
1928 4435 2024 4489 the
2062 4436 2317 4490 Romans
2345 4452 2447 4504 say
2471 4435 2537 4488 os
2565 4433 2625 4501 it,
2653 4433 2785 4502 ‘per

484 4518 639 4589 leges
679 4535 889 4574 nomen
926 4517 1235 4589 assumpsit
1256 4519 1269 4543 ⁹
1305 4517 1436 4588 Dig.
1467 4532 1553 4588 25.
1584 4536 1628 4585 3.
1665 4534 1685 4572 1
1714 4539 1730 4586 ;
1767 4517 1871 4574 i.e.
1907 4517 1948 4575 it
1985 4519 2091 4574 has
2116 4517 2378 4575 received
2403 4518 2480 4590 by
2503 4527 2712 4573 statute
2747 4533 2785 4571 a
