3230 5116
259 498 274 511 ·
316 443 418 491 Tit.
435 435 542 502 πα]
1190 437 1316 491 DE
1354 437 1470 493 LE
1473 436 1581 493 GA
1593 438 1745 496 TIS.
2488 450 2571 515 29
2582 452 2611 497 1

315 602 672 667 heredibus
725 611 1021 667 servatur
1076 612 1146 669 et
1203 612 1423 669 recte:
1487 606 1773 681 nomina·
1807 605 1981 669 enim
2034 604 2615 689 significandorum

316 705 662 769 hominum
691 690 903 790 gratia
931 718 1192 790 reperta
1221 717 1395 783 sunt,
1427 710 1540 790 qui
1571 710 1627 772 si
1670 708 1970 792 quolibet
2008 709 2141 774 alio
2182 712 2385 775 modo
2422 710 2614 775 intel·

319 810 638 892 legantur,
689 810 852 873 nihil
897 810 1189 876 interest.
1281 811 1463 876 Huic
1508 813 1971 895 proxima‘est
2022 812 2151 877 illa·
2186 812 2341 878 iuris
2392 814 2615 896 regula
2643 823 2717 877 30

319 912 488 977 falsa
515 914 1079 980 demonstratione
1119 914 1409 999 legatum
1456 916 1590 981 non
1631 918 1901 999 peremi.
1986 916 2193 982 veluti
2236 918 2293 981 si
2336 918 2483 1001 quis
2526 919 2619 982 ita

321 1017 634 1099 legaverit
668 1025 686 1053 ‘
709 1016 1014 1083 Stichum
1043 1039 1306 1083 servum
1336 1040 1556 1083 meum
1585 1040 1859 1084 vernam
1886 1020 1975 1084 do
2006 1020 2159 1103 lego
2182 1017 2225 1085 ε’
2254 1021 2409 1087 licet
2443 1024 2619 1087 enim

325 1141 456 1185 non
494 1142 714 1199 verna,
755 1124 872 1187 sed
917 1132 1184 1207 emptus
1217 1124 1326 1200 sit,
1366 1125 1452 1189 de
1495 1144 1687 1189 servo
1731 1133 1959 1189 tamen
2002 1124 2283 1205 constat,
2312 1126 2475 1191 utile
2518 1135 2623 1191 est

323 1225 641 1307 legatum.
747 1230 816 1291 e‘t
874 1227 1340 1292 convenienter
1395 1228 1452 1291 si
1509 1229 1606 1291 ita
1664 1230 2215 1293 demonstraverit
2272 1236 2289 1265 ¹
2314 1228 2620 1294 Stichum

324 1348 607 1405 servum,
630 1349 828 1412 quem
859 1352 900 1395 a
933 1329 1090 1396 Seio
1120 1327 1538 1413 emi,’'sitque
1550 1331 1639 1394 ab
1666 1330 1797 1394 alio
1826 1341 2107 1414 emptus,
2132 1330 2296 1396 utile
2325 1331 2621 1415 legatum

328 1440 446 1509 est,
475 1433 530 1495 si
558 1432 646 1497 de
673 1453 864 1497 servo
899 1443 1180 1500 constat.
1271 1434 1508 1516 Longe
1543 1435 1757 1516 magis
1790 1434 2017 1518 legato
2046 1434 2223 1499 'salsa
2248 1455 2457 1500 causa
2486 1455 2621 1499 non
2647 1441 2714 1495 31

328 1543 540 1600 nocet.
627 1538 830 1602 veluti
874 1560 1024 1604 cum
1071 1540 1166 1604 ita
1208 1540 1356 1621 quis
1399 1539 1691 1603 dixerit:
1740 1545 1754 1573 ‘
1779 1538 1979 1615 Titio,
2014 1540 2170 1622 quia
2208 1540 2485 1605 absente
2514 1559 2623 1603 me

329 1640 594 1721 negotia
638 1661 788 1705 mea
825 1643 1092 1721 curavit,
1137 1641 1442 1708 Stichum
1491 1642 1580 1705 do
1624 1640 1817 1724 legO‚’
1845 1642 1955 1707 vel
1998 1643 2131 1707 ita:
2176 1648 2198 1679 ‘
2220 1642 2421 1721 Titio,
2468 1643 2625 1726 quia

328 1744 694 1826 patrocinio
751 1747 890 1810 eius
948 1746 1214 1830 capitali
1265 1746 1544 1811 crimine
1588 1744 1929 1809 liberatus·
1958 1763 2123 1820 sum,
2176 1744 2481 1811 Stichum
2534 1746 2625 1810 do

329 1848 482 1929 lego
504 1845 544 1912 :’
599 1849 754 1914 licet
813 1852 989 1915 enim
1057 1871 1274 1934 neque
1332 1850 1600 1932 negotia
1661 1850 1995 1914 testatoris
2052 1868 2385 1932 umquam·
2421 1850 2629 1933 gessit

262 1961 274 1970 '
330 1952 549 2018 Titius
597 1973 824 2036 neque
880 1956 1245 2040 patrocinio
1303 1956 1446 2019 eius
1493 1954 1821 2019 'liberatus
1872 1954 1991 2029 est,
2044 1953 2348 2037 legatum
2400 1962 2627 2018 tamen

331 2057 526 2121 valet.
634 2061 761 2124 sed·
812 2061 866 2124 si
923 2060 1463 2133 condicionaliter
1521 2059 1868 2122 enuntiata
1925 2057 2122 2122 fuerit
2180 2078 2395 2136 causa,
2446 2056 2631 2121 aliud

331 2160 486 2224 iuris
529 2170 647 2241 est,
677 2163 882 2228 veluti
931 2164 1056 2230 hoc
1101 2164 1343 2229 modo:
1392 2170 1407 2197 ‘
1431 2162 1632 2241 Titio,
1679 2162 1735 2225 si
1780 2162 2051 2243 negotia
2100 2181 2249 2225 mea
2268 2160 2631 2238 curaverit,

333 2262 610 2329 fundum
641 2267 731 2330 do
761 2265 949 2350 lego?
1034 2267 1150 2331 An
1187 2288 1376 2332 servo
1416 2266 1676 2331 heredis
1713 2274 1891 2329 recte
1924 2264 2243 2349 legamus,
2276 2264 2631 2348 quaeritur.
2658 2265 2729 2321 32

335 2376 405 2431 et
435 2379 696 2434 constat
725 2391 888 2453 pure
918 2372 1234 2436 inutiliter
1262 2371 1467 2454 legari
1497 2390 1619 2434 nec
1648 2369 2014 2453 quidquam
2044 2368 2376 2450 proficere,
2398 2369 2451 2431 si
2480 2367 2633 2431 vivo

333 2479 655 2537 testatore
695 2475 782 2538 de
821 2483 1154 2557 potestate
1187 2475 1448 2539 heredis
1479 2474 1732 2549 exierit,
1768 2475 1926 2556 quia
1964 2472 2145 2556 quod
2190 2471 2421 2535 inutile
2463 2470 2636 2535 foret

335 2574 649 2659 legatum,
681 2579 736 2642 si
783 2581 1008 2644 statim
1051 2589 1204 2664 post
1247 2580 1498 2646 factum
1543 2587 2023 2644 testamentum
2070 2578 2459 2642 decessisset
2499 2585 2635 2641 tes-

334 2689 528 2759 tator,
561 2681 689 2768 hoc
729 2704 862 2748 non
905 2685 1106 2749 debet
1144 2686 1296 2749 ideo
1328 2685 1565 2760 valere,
1599 2683 1758 2765 quia
1788 2683 2033 2747 diutius
2067 2690 2351 2745 testator
2378 2681 2636 2744 vixerit.

338 2784 462 2847 sub
519 2788 908 2852 condicione
965 2809 1120 2853 vero
1179 2798 1356 2852 recte
1405 2787 1683 2870 legatur,
1730 2795 1804 2849 ut
1864 2783 2288 2866 requiramus,
2340 2803 2448 2859 an,
2500 2802 2639 2864 quo

334 2897 636 2972 tempore
677 2892 819 2956 dies
853 2893 1053 2976 legati
1101 2894 1292 2971 cedit,
1335 2893 1402 2956 in
1449 2889 1786 2975 potestate
1836 2889 2097 2953 heredis
2143 2906 2297 2952 non·
2324 2887 2433 2951 sit.
2524 2885 2639 2948 Ex
2667 2890 2737 2945 33

341 2992 599 3058 diverso
633 2993 876 3060 herede
921 2998 1224 3062 instituto
1269 3017 1458 3060 servo
1501 2995 1665 3078 quin
1709 2993 1983 3057 domino
2028 3001 2206 3056 recte
2249 2992 2453 3054 etiam
2498 2989 2677 3052 sine·

341 3099 736 3164 condicione·
773 3101 1060 3184 legetur,
1121 3121 1252 3165 non
1313 3100 1677 3166 dubitatur..
1768 3117 1923 3160 nam
1974 3105 2044 3159 et
2101 3095 2155 3158 si
2213 3094 2443 3159 statim
2490 3100 2643 3175 post

420 3388 450 3461 ξ
476 3395 576 3448 30.
613 3392 935 3465 ‘Quicquid
961 3393 1384 3449 demonstratae
1420 3391 1501 3447 rei
1541 3389 1771 3447 additur
1801 3388 1941 3446 satis
1978 3389 2417 3456 demonstratae,
2440 3387 2648 3442 frustra

347 3477 462 3530 est’
490 3476 622 3547 Dig.
649 3492 732 3546 33.
760 3493 809 3543 4.
845 3493 890 3531 1.
917 3478 968 3546 8,
991 3477 1090 3533 the
1115 3493 1318 3533 reason
1345 3474 1520 3546 being
1540 3474 1708 3531 that‘
1724 3471 2133 3529 demonstratio
2161 3472 2491 3543 plerumque
2523 3470 2647 3526 vice

347 3559 593 3615 nominis
617 3560 900 3630 fungitur’
926 3560 1058 3630 Dig.
1087 3573 1172 3630 35.
1206 3575 1250 3614 1.
1276 3574 1360 3628 34.

421 3641 450 3713 ξ
478 3646 569 3697 81.
606 3645 731 3698 The
755 3644 983 3713 general
1009 3643 1168 3698 rule’
1153 3661 1202 3698 ιε
1227 3643 1350 3698 that
1376 3659 1413 3697 a
1437 3649 1849 3710 testamentary
1874 3635 2287 3710 dispositionis
2312 3635 2445 3692 void
2480 3637 2527 3692 if
2550 3637 2647 3692 the

347 3727 630 3782 testator's
657 3727 868 3782 motive
905 3727 964 3781 in
1001 3726 1236 3797 making
1273 3726 1315 3782 it
1351 3726 1401 3782 is
1438 3743 1475 3781 a
1509 3723 1793 3780 mistak'en
1825 3739 1953 3791 one,
1977 3740 2025 3778 e.
2038 3740 2092 3793 g.
2114 3719 2168 3776 if
2186 3723 2261 3776 he
2286 3721 2649 3790 erroneousl'y

349 3825 628 3880 supposes
660 3811 757 3866 the
788 3809 1077 3866 institutus
1111 3827 1176 3865 or
1204 3812 1425 3880 legatee
1450 3819 1512 3864 to
1533 3811 1701 3864 have
1709 3808 1885 3863 saved
1910 3806 1999 3862 his
2026 3806 2137 3874 life,
2163 3814 2224 3859 to
2248 3806 2321 3860 be
2345 3805 2435 3860 his
2461 3813 2650 3875 agent,

350 3903 498 3949 etc.:
536 3895 652 3950 and
689 3893 732 3950 it
767 3894 816 3949 is
854 3897 988 3964 only
1017 3896 1352 3978 apparently
1381 3894 1504 3948 that
1542 3893 1655 3947 this
1692 3889 1741 3947 is
1778 3887 2170 3946 contradicted
2206 3889 2284 3958 by
2307 3889 2404 3944 the
2441 3888 2651 3943 maxim

350 3978 496 4033 falsa
531 3995 706 4034 causa
739 3993 855 4034 non
891 3988 1074 4034 nocet.
1149 3978 1244 4032 All
1277 3979 1400 4032 that
1435 3979 1533 4032 the
1562 3977 1731 4032 latter
1763 3991 1961 4029 means
1996 3973 2045 4028 is
2079 3974 2203 4027 that
2237 3989 2310 4026 an
2336 3970 2653 4026 institution

353 4077 419 4115 or
442 4061 681 4131 legacy
667 4079 714 4117 1s
740 4073 838 4118 not
865 4060 1110 4117 avoided
1128 4062 1206 4131 by
1225 4062 1322 4117 the
1340 4075 1494 4116 mere
1513 4060 1628 4115 fact
1648 4060 1773 4114 that
1798 4059 1896 4112 the
1920 4065 2159 4112 testator
2182 4064 2359 4110 states
2384 4073 2421 4110 a
2444 4053 2653 4109 motive

351 4143 438 4200 for
463 4145 552 4200 his
578 4145 915 4216 disposition
941 4145 1124 4201 which
1164 4145 1212 4200 is
1246 4145 1478 4200 unreal:
1517 4153 1577 4198 to
1612 4142 1783 4198 avoid
1821 4141 1863 4196 it
1902 4141 1945 4195 it
1982 4149 2135 4194 must
2172 4139 2294 4194 also
2330 4139 2404 4193 be
2440 4137 2655 4208 proved

352 4230 478 4284 that
501 4231 575 4285 he
601 4229 858 4284 believed
883 4229 924 4284 it
951 4239 1011 4284 to
1035 4230 1108 4284 be
1133 4229 1290 4283 real:
1329 4227 1344 4255 ‘
1363 4227 1565 4281 falsam
1602 4241 1835 4280 causam
1868 4225 2059 4292 legato
2091 4231 2206 4276 non
2241 4221 2445 4278 obesse
2470 4219 2655 4275 verius

353 4323 458 4378 est,
499 4312 633 4385 quia
673 4313 820 4368 ratio
863 4312 1090 4382 legandi
1134 4312 1324 4381 legato
1367 4327 1483 4364 non
1530 4309 1836 4364 cohaeret.
1887 4307 1991 4362 sed
2036 4303 2368 4377 plerumque
2412 4303 2527 4359 doli
2565 4319 2656 4358 ex-

355 4396 543 4468 ceptio
579 4399 766 4452 locum
803 4396 1054 4465 habebit,
1098 4394 1145 4450 si
1134 4395 1454 4488 probetur
1487 4393 1631 4448 alias
1666 4393 1953 4462 legaturus
1990 4405 2105 4446 non
2142 4389 2348 4445 fuisse’
2400 4386 2533 4456 Dig.
2572 4397 2655 4455 35.

364 4498 406 4537 1.
435 4482 624 4550 72.6;
661 4463 1173 4550 chCod6441.

430 4564 574 4637 §82
608 4523 756 4620 'This
783 4563 1112 4621 distinction
1136 4563 1393 4619 between
1413 4577 1448 4616 a
1467 4562 1667 4630 legacy
1686 4556 1855 4630 gi'ven
1879 4573 2036 4630 pure,
2051 4557 2167 4613 and
2194 4555 2299 4612 sub
2324 4551 2661 4610 condicione

1457 4663 1578 4714 152
