<?xml version="1.0" encoding="UTF-8"?>
<!DOCTYPE html PUBLIC "-//W3C//DTD XHTML 1.0 Transitional//EN"
    "http://www.w3.org/TR/xhtml1/DTD/xhtml1-transitional.dtd">
<html xmlns="http://www.w3.org/1999/xhtml" xml:lang="en" lang="en">
 <head>
  <title>
</title>
<meta http-equiv="Content-Type" content="text/html;charset=utf-8" />
  <meta name='ocr-system' content='tesseract 3.04.00' />
  <meta name='ocr-capabilities' content='ocr_page ocr_carea ocr_par ocr_line ocrx_word'/>
</head>
<body>
  <div class='ocr_page' id='page_1' title='image "./imperatorislust01unkngoog_0321.png"; bbox 0 0 3230 5116; ppageno 0'>
   <div class='ocr_carea' id='block_1_1' title="bbox 441 393 2741 511">
    <p class='ocr_par' dir='ltr' id='par_1_1' title="bbox 441 393 2741 511">
     <span class='ocr_line' id='line_1_1' title="bbox 441 393 2741 511; baseline 0.002 -26"><span class='ocrx_word' id='word_1_1' title='bbox 441 431 542 485; x_wconf 72' lang='lat' dir='ltr'>Tit.</span> <span class='ocrx_word' id='word_1_2' title='bbox 572 429 676 500; x_wconf 81' lang='lat'><strong>25.]</strong></span> <span class='ocrx_word' id='word_1_3' title='bbox 1261 431 1386 486; x_wconf 84' lang='lat' dir='ltr'>DE</span> <span class='ocrx_word' id='word_1_4' title='bbox 1429 393 1913 489; x_wconf 69' lang='lat' dir='ltr'><em>CODJCJLLJS.</em></span> <span class='ocrx_word' id='word_1_5' title='bbox 2614 445 2741 511; x_wconf 84' lang='lat'>309</span> 
     </span>
    </p>
   </div>
   <div class='ocr_carea' id='block_1_2' title="bbox 435 601 2803 2875">
    <p class='ocr_par' dir='ltr' id='par_1_2' title="bbox 435 601 2803 2875">
     <span class='ocr_line' id='line_1_2' title="bbox 438 601 2803 692; baseline 0 -24"><span class='ocrx_word' id='word_1_6' title='bbox 438 601 974 669; x_wconf 81' lang='lat' dir='ltr'><strong>aestimationem</strong></span> <span class='ocrx_word' id='word_1_7' title='bbox 1049 603 1186 669; x_wconf 90' lang='lat' dir='ltr'>eius</span> <span class='ocrx_word' id='word_1_8' title='bbox 1259 605 1531 670; x_wconf 89' lang='lat' dir='ltr'>solvere.</span> <span class='ocrx_word' id='word_1_9' title='bbox 1645 607 1951 672; x_wconf 81' lang='lat' dir='ltr'><strong>Libertas</strong></span> <span class='ocrx_word' id='word_1_10' title='bbox 2024 628 2290 692; x_wconf 90' lang='lat' dir='ltr'>quoque</span> <span class='ocrx_word' id='word_1_11' title='bbox 2364 629 2553 673; x_wconf 90' lang='lat' dir='ltr'>servo</span> <span class='ocrx_word' id='word_1_12' title='bbox 2625 629 2742 692; x_wconf 90' lang='lat' dir='ltr'>per</span> <span class='ocrx_word' id='word_1_13' title='bbox 2766 612 2803 667; x_wconf 92' lang='lat'>2</span> 
     </span>
     <span class='ocr_line' id='line_1_3' title="bbox 442 707 2743 797; baseline 0.003 -25"><span class='ocrx_word' id='word_1_14' title='bbox 442 707 1026 773; x_wconf 87' lang='lat' dir='ltr'>fideicommissum</span> <span class='ocrx_word' id='word_1_15' title='bbox 1086 711 1228 774; x_wconf 92' lang='lat' dir='ltr'>dari</span> <span class='ocrx_word' id='word_1_16' title='bbox 1285 721 1527 794; x_wconf 89' lang='lat' dir='ltr'>potest,</span> <span class='ocrx_word' id='word_1_17' title='bbox 1579 722 1657 776; x_wconf 92' lang='lat' dir='ltr'>ut</span> <span class='ocrx_word' id='word_1_18' title='bbox 1715 712 1906 776; x_wconf 90' lang='lat' dir='ltr'>heres</span> <span class='ocrx_word' id='word_1_19' title='bbox 1972 735 2124 777; x_wconf 91' lang='lat' dir='ltr'>eum</span> <span class='ocrx_word' id='word_1_20' title='bbox 2186 722 2453 797; x_wconf 84' lang='lat' dir='ltr'>rogetur</span> <span class='ocrx_word' id='word_1_21' title='bbox 2512 735 2743 779; x_wconf 90' lang='lat' dir='ltr'>manu-</span> 
     </span>
     <span class='ocr_line' id='line_1_4' title="bbox 439 812 2740 898; baseline 0.003 -24"><span class='ocrx_word' id='word_1_22' title='bbox 439 813 708 879; x_wconf 79' lang='lat' dir='ltr'>mittere</span> <span class='ocrx_word' id='word_1_23' title='bbox 759 812 864 878; x_wconf 90' lang='lat' dir='ltr'>vel</span> <span class='ocrx_word' id='word_1_24' title='bbox 931 813 1286 898; x_wconf 87' lang='lat' dir='ltr'>legatarius</span> <span class='ocrx_word' id='word_1_25' title='bbox 1336 814 1441 878; x_wconf 90' lang='lat' dir='ltr'>vel</span> <span class='ocrx_word' id='word_1_26' title='bbox 1499 814 2159 898; x_wconf 77' lang='lat' dir='ltr'>fideicommissarius.</span> <span class='ocrx_word' id='word_1_27' title='bbox 2267 838 2387 882; x_wconf 91' lang='lat' dir='ltr'>nec</span> <span class='ocrx_word' id='word_1_28' title='bbox 2448 818 2740 894; x_wconf 89' lang='lat' dir='ltr'>interest,</span> 
     </span>
     <span class='ocr_line' id='line_1_5' title="bbox 441 918 2743 1004; baseline 0.003 -26"><span class='ocrx_word' id='word_1_29' title='bbox 441 925 661 979; x_wconf 89' lang='lat' dir='ltr'>utrum</span> <span class='ocrx_word' id='word_1_30' title='bbox 693 919 779 981; x_wconf 92' lang='lat' dir='ltr'>de</span> <span class='ocrx_word' id='word_1_31' title='bbox 809 938 930 982; x_wconf 87' lang='lat' dir='ltr'>suo</span> <span class='ocrx_word' id='word_1_32' title='bbox 962 918 1228 999; x_wconf 87' lang='lat' dir='ltr'>proprio</span> <span class='ocrx_word' id='word_1_33' title='bbox 1271 935 1462 983; x_wconf 85' lang='lat' dir='ltr'>servo</span> <span class='ocrx_word' id='word_1_34' title='bbox 1499 928 1779 984; x_wconf 88' lang='lat' dir='ltr'>testator</span> <span class='ocrx_word' id='word_1_35' title='bbox 1809 928 2014 1002; x_wconf 88' lang='lat' dir='ltr'>roget,</span> <span class='ocrx_word' id='word_1_36' title='bbox 2045 941 2132 984; x_wconf 90' lang='lat' dir='ltr'>an</span> <span class='ocrx_word' id='word_1_37' title='bbox 2170 920 2255 984; x_wconf 89' lang='lat' dir='ltr'>de</span> <span class='ocrx_word' id='word_1_38' title='bbox 2285 941 2366 985; x_wconf 90' lang='lat' dir='ltr'>eo</span> <span class='ocrx_word' id='word_1_39' title='bbox 2394 921 2507 1004; x_wconf 87' lang='lat' dir='ltr'>qui</span> <span class='ocrx_word' id='word_1_40' title='bbox 2540 921 2743 1003; x_wconf 90' lang='lat' dir='ltr'>ipsius</span> 
     </span>
     <span class='ocr_line' id='line_1_6' title="bbox 439 1019 2742 1107; baseline 0.003 -25"><span class='ocrx_word' id='word_1_41' title='bbox 439 1019 700 1082; x_wconf 89' lang='lat' dir='ltr'>heredis</span> <span class='ocrx_word' id='word_1_42' title='bbox 737 1031 856 1085; x_wconf 89' lang='lat' dir='ltr'>aut</span> <span class='ocrx_word' id='word_1_43' title='bbox 906 1019 1206 1104; x_wconf 88' lang='lat' dir='ltr'>legatarii</span> <span class='ocrx_word' id='word_1_44' title='bbox 1252 1021 1358 1085; x_wconf 86' lang='lat' dir='ltr'>vel</span> <span class='ocrx_word' id='word_1_45' title='bbox 1407 1022 1608 1087; x_wconf 88' lang='lat' dir='ltr'>etiam</span> <span class='ocrx_word' id='word_1_46' title='bbox 1665 1025 1964 1088; x_wconf 84' lang='lat' dir='ltr'>extranei</span> <span class='ocrx_word' id='word_1_47' title='bbox 2016 1025 2121 1089; x_wconf 89' lang='lat' dir='ltr'>sit.</span> <span class='ocrx_word' id='word_1_48' title='bbox 2230 1025 2453 1107; x_wconf 91' lang='lat' dir='ltr'>itaque</span> <span class='ocrx_word' id='word_1_49' title='bbox 2487 1025 2742 1089; x_wconf 88' lang='lat' dir='ltr'>alienus</span> 
     </span>
     <span class='ocr_line' id='line_1_7' title="bbox 439 1127 2742 1210; baseline 0.003 -24"><span class='ocrx_word' id='word_1_50' title='bbox 439 1143 664 1188; x_wconf 90' lang='lat' dir='ltr'>servus</span> <span class='ocrx_word' id='word_1_51' title='bbox 695 1127 928 1189; x_wconf 84' lang='lat' dir='ltr'>redimi</span> <span class='ocrx_word' id='word_1_52' title='bbox 960 1137 1029 1190; x_wconf 92' lang='lat' dir='ltr'>et</span> <span class='ocrx_word' id='word_1_53' title='bbox 1060 1128 1434 1192; x_wconf 89' lang='lat' dir='ltr'>manumitti</span> <span class='ocrx_word' id='word_1_54' title='bbox 1474 1128 1713 1194; x_wconf 91' lang='lat' dir='ltr'>debet:</span> <span class='ocrx_word' id='word_1_55' title='bbox 1757 1128 1938 1210; x_wconf 92' lang='lat' dir='ltr'>quod</span> <span class='ocrx_word' id='word_1_56' title='bbox 1984 1129 2039 1192; x_wconf 91' lang='lat' dir='ltr'>si</span> <span class='ocrx_word' id='word_1_57' title='bbox 2084 1130 2393 1193; x_wconf 89' lang='lat' dir='ltr'>dominus</span> <span class='ocrx_word' id='word_1_58' title='bbox 2423 1148 2575 1192; x_wconf 90' lang='lat' dir='ltr'>eum</span> <span class='ocrx_word' id='word_1_59' title='bbox 2609 1149 2742 1192; x_wconf 91' lang='lat' dir='ltr'>non</span> 
     </span>
     <span class='ocr_line' id='line_1_8' title="bbox 435 1229 2744 1316; baseline 0.005 -26"><span class='ocrx_word' id='word_1_60' title='bbox 435 1229 706 1304; x_wconf 89' lang='lat' dir='ltr'>vendat,</span> <span class='ocrx_word' id='word_1_61' title='bbox 752 1229 806 1292; x_wconf 89' lang='lat' dir='ltr'>si</span> <span class='ocrx_word' id='word_1_62' title='bbox 849 1230 1051 1294; x_wconf 91' lang='lat' dir='ltr'>modo</span> <span class='ocrx_word' id='word_1_63' title='bbox 1097 1229 1260 1294; x_wconf 88' lang='lat' dir='ltr'>nihil</span> <span class='ocrx_word' id='word_1_64' title='bbox 1305 1251 1394 1294; x_wconf 89' lang='lat' dir='ltr'>ex</span> <span class='ocrx_word' id='word_1_65' title='bbox 1438 1231 1678 1296; x_wconf 90' lang='lat' dir='ltr'>iudicio</span> <span class='ocrx_word' id='word_1_66' title='bbox 1723 1232 1863 1296; x_wconf 87' lang='lat' dir='ltr'>eius</span> <span class='ocrx_word' id='word_1_67' title='bbox 1906 1233 2019 1316; x_wconf 92' lang='lat' dir='ltr'>qui</span> <span class='ocrx_word' id='word_1_68' title='bbox 2063 1231 2322 1315; x_wconf 91' lang='lat' dir='ltr'>reliquit</span> <span class='ocrx_word' id='word_1_69' title='bbox 2367 1232 2744 1302; x_wconf 85' lang='lat' dir='ltr'>libertatem</span> 
     </span>
     <span class='ocr_line' id='line_1_9' title="bbox 440 1333 2741 1418; baseline 0.003 -25"><span class='ocrx_word' id='word_1_70' title='bbox 440 1333 753 1414; x_wconf 88' lang='lat' dir='ltr'>percepit,</span> <span class='ocrx_word' id='word_1_71' title='bbox 785 1352 917 1396; x_wconf 89' lang='lat' dir='ltr'>non</span> <span class='ocrx_word' id='word_1_72' title='bbox 948 1334 1176 1398; x_wconf 85' lang='lat' dir='ltr'>statim</span> <span class='ocrx_word' id='word_1_73' title='bbox 1214 1335 1627 1418; x_wconf 84' lang='lat' dir='ltr'>extinguitur</span> <span class='ocrx_word' id='word_1_74' title='bbox 1655 1335 2257 1400; x_wconf 87' lang='lat' dir='ltr'>fideicommissaria</span> <span class='ocrx_word' id='word_1_75' title='bbox 2300 1335 2587 1412; x_wconf 86' lang='lat' dir='ltr'>libertas,</span> <span class='ocrx_word' id='word_1_76' title='bbox 2622 1337 2741 1400; x_wconf 87' lang='lat' dir='ltr'>sed</span> 
     </span>
     <span class='ocr_line' id='line_1_10' title="bbox 438 1435 2744 1522; baseline 0.001 -23"><span class='ocrx_word' id='word_1_77' title='bbox 438 1435 758 1512; x_wconf 85' lang='lat' dir='ltr'>differtur,</span> <span class='ocrx_word' id='word_1_78' title='bbox 787 1438 944 1518; x_wconf 90' lang='lat' dir='ltr'>quia</span> <span class='ocrx_word' id='word_1_79' title='bbox 987 1439 1201 1520; x_wconf 84' lang='lat' dir='ltr'>possit</span> <span class='ocrx_word' id='word_1_80' title='bbox 1238 1447 1538 1521; x_wconf 89' lang='lat' dir='ltr'>tempore</span> <span class='ocrx_word' id='word_1_81' title='bbox 1581 1441 1997 1521; x_wconf 87' lang='lat' dir='ltr'>procedente,</span> <span class='ocrx_word' id='word_1_82' title='bbox 2042 1439 2441 1522; x_wconf 89' lang='lat' dir='ltr'>ubicumque</span> <span class='ocrx_word' id='word_1_83' title='bbox 2485 1439 2744 1503; x_wconf 79' lang='lat' dir='ltr'>occasio</span> 
     </span>
     <span class='ocr_line' id='line_1_11' title="bbox 440 1540 2743 1625; baseline 0.001 -23"><span class='ocrx_word' id='word_1_84' title='bbox 440 1540 806 1604; x_wconf 88' lang='lat' dir='ltr'>redimendi</span> <span class='ocrx_word' id='word_1_85' title='bbox 879 1543 1046 1604; x_wconf 88' lang='lat' dir='ltr'>servi</span> <span class='ocrx_word' id='word_1_86' title='bbox 1109 1540 1320 1617; x_wconf 83' lang='lat' dir='ltr'>fuerit,</span> <span class='ocrx_word' id='word_1_87' title='bbox 1397 1543 1714 1624; x_wconf 88' lang='lat' dir='ltr'>praestari</span> <span class='ocrx_word' id='word_1_88' title='bbox 1772 1543 2062 1608; x_wconf 88' lang='lat' dir='ltr'>libertas.</span> <span class='ocrx_word' id='word_1_89' title='bbox 2174 1543 2289 1625; x_wconf 90' lang='lat' dir='ltr'>qui</span> <span class='ocrx_word' id='word_1_90' title='bbox 2357 1551 2586 1606; x_wconf 86' lang='lat' dir='ltr'>autem</span> <span class='ocrx_word' id='word_1_91' title='bbox 2654 1563 2743 1606; x_wconf 86' lang='lat' dir='ltr'>ex</span> 
     </span>
     <span class='ocr_line' id='line_1_12' title="bbox 439 1642 2741 1725; baseline 0 -19"><span class='ocrx_word' id='word_1_92' title='bbox 439 1663 639 1707; x_wconf 85' lang='lat' dir='ltr'>causa</span> <span class='ocrx_word' id='word_1_93' title='bbox 682 1642 1174 1708; x_wconf 89' lang='lat' dir='ltr'>fideicommissi</span> <span class='ocrx_word' id='word_1_94' title='bbox 1216 1645 1722 1725; x_wconf 90' lang='lat' dir='ltr'>manumittitur,</span> <span class='ocrx_word' id='word_1_95' title='bbox 1770 1666 1903 1709; x_wconf 88' lang='lat' dir='ltr'>non</span> <span class='ocrx_word' id='word_1_96' title='bbox 1952 1646 2287 1710; x_wconf 85' lang='lat' dir='ltr'>testatoris</span> <span class='ocrx_word' id='word_1_97' title='bbox 2328 1645 2407 1709; x_wconf 87' lang='lat' dir='ltr'>fit</span> <span class='ocrx_word' id='word_1_98' title='bbox 2451 1644 2741 1724; x_wconf 88' lang='lat' dir='ltr'>libertus,</span> 
     </span>
     <span class='ocr_line' id='line_1_13' title="bbox 440 1747 2741 1832; baseline 0.001 -23"><span class='ocrx_word' id='word_1_99' title='bbox 440 1747 700 1810; x_wconf 89' lang='lat' dir='ltr'>etiamsi</span> <span class='ocrx_word' id='word_1_100' title='bbox 746 1749 1083 1812; x_wconf 88' lang='lat' dir='ltr'>testatoris</span> <span class='ocrx_word' id='word_1_101' title='bbox 1129 1765 1352 1812; x_wconf 81' lang='lat' dir='ltr'>servus</span> <span class='ocrx_word' id='word_1_102' title='bbox 1401 1749 1506 1828; x_wconf 88' lang='lat' dir='ltr'>sit,</span> <span class='ocrx_word' id='word_1_103' title='bbox 1549 1751 1668 1814; x_wconf 91' lang='lat' dir='ltr'>sed</span> <span class='ocrx_word' id='word_1_104' title='bbox 1716 1749 1855 1812; x_wconf 88' lang='lat' dir='ltr'>eius</span> <span class='ocrx_word' id='word_1_105' title='bbox 1894 1751 2009 1832; x_wconf 90' lang='lat' dir='ltr'>qui</span> <span class='ocrx_word' id='word_1_106' title='bbox 2058 1749 2506 1813; x_wconf 88' lang='lat' dir='ltr'>manumittit:</span> <span class='ocrx_word' id='word_1_107' title='bbox 2554 1758 2626 1815; x_wconf 89' lang='lat' dir='ltr'>at</span> <span class='ocrx_word' id='word_1_108' title='bbox 2668 1749 2741 1822; x_wconf 88' lang='lat' dir='ltr'>is,</span> 
     </span>
     <span class='ocr_line' id='line_1_14' title="bbox 439 1851 2743 1936; baseline 0.001 -22"><span class='ocrx_word' id='word_1_109' title='bbox 439 1851 551 1934; x_wconf 89' lang='lat' dir='ltr'>qui</span> <span class='ocrx_word' id='word_1_110' title='bbox 598 1851 849 1916; x_wconf 91' lang='lat' dir='ltr'>directo</span> <span class='ocrx_word' id='word_1_111' title='bbox 894 1862 1296 1918; x_wconf 87' lang='lat' dir='ltr'>testamento</span> <span class='ocrx_word' id='word_1_112' title='bbox 1337 1853 1504 1918; x_wconf 89' lang='lat' dir='ltr'>liber</span> <span class='ocrx_word' id='word_1_113' title='bbox 1547 1875 1690 1918; x_wconf 89' lang='lat' dir='ltr'>esse</span> <span class='ocrx_word' id='word_1_114' title='bbox 1734 1855 2014 1928; x_wconf 86' lang='lat' dir='ltr'>iubetur,</span> <span class='ocrx_word' id='word_1_115' title='bbox 2046 1852 2249 1936; x_wconf 89' lang='lat' dir='ltr'>ipsius</span> <span class='ocrx_word' id='word_1_116' title='bbox 2293 1853 2630 1917; x_wconf 87' lang='lat' dir='ltr'>testatoris</span> <span class='ocrx_word' id='word_1_117' title='bbox 2666 1852 2743 1916; x_wconf 86' lang='lat' dir='ltr'>fit</span> 
     </span>
     <span class='ocr_line' id='line_1_15' title="bbox 440 1954 2725 2040; baseline 0.001 -22"><span class='ocrx_word' id='word_1_118' title='bbox 440 1955 728 2033; x_wconf 86' lang='lat' dir='ltr'>libertus,</span> <span class='ocrx_word' id='word_1_119' title='bbox 759 1957 872 2040; x_wconf 92' lang='lat' dir='ltr'>qui</span> <span class='ocrx_word' id='word_1_120' title='bbox 905 1957 1108 2020; x_wconf 90' lang='lat' dir='ltr'>etiam</span> <span class='ocrx_word' id='word_1_121' title='bbox 1139 1957 1398 2022; x_wconf 87' lang='lat' dir='ltr'>orcinus</span> <span class='ocrx_word' id='word_1_122' title='bbox 1439 1956 1832 2040; x_wconf 89' lang='lat' dir='ltr'>appellatur.</span> <span class='ocrx_word' id='word_1_123' title='bbox 1926 1976 2045 2019; x_wconf 90' lang='lat' dir='ltr'>nec</span> <span class='ocrx_word' id='word_1_124' title='bbox 2076 1955 2242 2020; x_wconf 88' lang='lat' dir='ltr'>alius</span> <span class='ocrx_word' id='word_1_125' title='bbox 2274 1954 2445 2019; x_wconf 88' lang='lat' dir='ltr'>ullus</span> <span class='ocrx_word' id='word_1_126' title='bbox 2474 1957 2725 2020; x_wconf 91' lang='lat' dir='ltr'>directo</span> 
     </span>
     <span class='ocr_line' id='line_1_16' title="bbox 441 2058 2743 2142; baseline -0.001 -18"><span class='ocrx_word' id='word_1_127' title='bbox 441 2079 530 2124; x_wconf 86' lang='lat' dir='ltr'>ex</span> <span class='ocrx_word' id='word_1_128' title='bbox 584 2068 986 2124; x_wconf 88' lang='lat' dir='ltr'>testamento</span> <span class='ocrx_word' id='word_1_129' title='bbox 1036 2058 1412 2126; x_wconf 86' lang='lat' dir='ltr'>libertatem</span> <span class='ocrx_word' id='word_1_130' title='bbox 1463 2060 1707 2124; x_wconf 91' lang='lat' dir='ltr'>habere</span> <span class='ocrx_word' id='word_1_131' title='bbox 1762 2067 2001 2142; x_wconf 88' lang='lat' dir='ltr'>potest,</span> <span class='ocrx_word' id='word_1_132' title='bbox 2045 2078 2246 2142; x_wconf 84' lang='lat' dir='ltr'>quam</span> <span class='ocrx_word' id='word_1_133' title='bbox 2294 2059 2408 2140; x_wconf 91' lang='lat' dir='ltr'>qui</span> <span class='ocrx_word' id='word_1_134' title='bbox 2461 2068 2743 2140; x_wconf 88' lang='lat' dir='ltr'>utroque</span> 
     </span>
     <span class='ocr_line' id='line_1_17' title="bbox 439 2165 2742 2248; baseline -0 -20"><span class='ocrx_word' id='word_1_135' title='bbox 439 2174 742 2248; x_wconf 90' lang='lat' dir='ltr'>tempore</span> <span class='ocrx_word' id='word_1_136' title='bbox 781 2166 1116 2230; x_wconf 89' lang='lat' dir='ltr'>testatoris</span> <span class='ocrx_word' id='word_1_137' title='bbox 1155 2165 1370 2243; x_wconf 82' lang='lat' dir='ltr'>fuerit,</span> <span class='ocrx_word' id='word_1_138' title='bbox 1402 2176 1469 2231; x_wconf 88' lang='lat' dir='ltr'>et</span> <span class='ocrx_word' id='word_1_139' title='bbox 1513 2187 1647 2248; x_wconf 94' lang='lat' dir='ltr'>quo</span> <span class='ocrx_word' id='word_1_140' title='bbox 1690 2165 1934 2229; x_wconf 83' lang='lat' dir='ltr'>faceret</span> <span class='ocrx_word' id='word_1_141' title='bbox 1977 2173 2452 2228; x_wconf 84' lang='lat' dir='ltr'>testamentum</span> <span class='ocrx_word' id='word_1_142' title='bbox 2496 2171 2563 2227; x_wconf 92' lang='lat' dir='ltr'>et</span> <span class='ocrx_word' id='word_1_143' title='bbox 2607 2183 2742 2245; x_wconf 89' lang='lat' dir='ltr'>quo</span> 
     </span>
     <span class='ocr_line' id='line_1_18' title="bbox 442 2269 2743 2346; baseline -0.001 -14"><span class='ocrx_word' id='word_1_144' title='bbox 442 2277 822 2334; x_wconf 88' lang='lat' dir='ltr'>moreretur.</span> <span class='ocrx_word' id='word_1_145' title='bbox 931 2270 1181 2335; x_wconf 89' lang='lat' dir='ltr'>directo</span> <span class='ocrx_word' id='word_1_146' title='bbox 1233 2281 1457 2335; x_wconf 89' lang='lat' dir='ltr'>autem</span> <span class='ocrx_word' id='word_1_147' title='bbox 1519 2269 1789 2335; x_wconf 90' lang='lat' dir='ltr'>libertas</span> <span class='ocrx_word' id='word_1_148' title='bbox 1847 2277 2004 2333; x_wconf 91' lang='lat' dir='ltr'>tunc</span> <span class='ocrx_word' id='word_1_149' title='bbox 2063 2269 2205 2333; x_wconf 89' lang='lat' dir='ltr'>dari</span> <span class='ocrx_word' id='word_1_150' title='bbox 2262 2269 2539 2346; x_wconf 87' lang='lat' dir='ltr'>videtur,</span> <span class='ocrx_word' id='word_1_151' title='bbox 2590 2287 2743 2332; x_wconf 91' lang='lat' dir='ltr'>cum</span> 
     </span>
     <span class='ocr_line' id='line_1_19' title="bbox 440 2372 2742 2456; baseline -0.001 -18"><span class='ocrx_word' id='word_1_152' title='bbox 440 2395 572 2440; x_wconf 88' lang='lat' dir='ltr'>non</span> <span class='ocrx_word' id='word_1_153' title='bbox 650 2375 738 2439; x_wconf 87' lang='lat' dir='ltr'>ab</span> <span class='ocrx_word' id='word_1_154' title='bbox 805 2375 936 2439; x_wconf 89' lang='lat' dir='ltr'>alio</span> <span class='ocrx_word' id='word_1_155' title='bbox 1009 2395 1270 2439; x_wconf 89' lang='lat' dir='ltr'>servum</span> <span class='ocrx_word' id='word_1_156' title='bbox 1333 2376 1711 2439; x_wconf 89' lang='lat' dir='ltr'>manumitti</span> <span class='ocrx_word' id='word_1_157' title='bbox 1772 2383 1978 2456; x_wconf 87' lang='lat' dir='ltr'>rogat,</span> <span class='ocrx_word' id='word_1_158' title='bbox 2038 2375 2155 2438; x_wconf 88' lang='lat' dir='ltr'>sed</span> <span class='ocrx_word' id='word_1_159' title='bbox 2214 2372 2398 2436; x_wconf 90' lang='lat' dir='ltr'>velut</span> <span class='ocrx_word' id='word_1_160' title='bbox 2464 2393 2553 2436; x_wconf 88' lang='lat' dir='ltr'>ex</span> <span class='ocrx_word' id='word_1_161' title='bbox 2620 2393 2742 2436; x_wconf 92' lang='lat' dir='ltr'>suo</span> 
     </span>
     <span class='ocr_line' id='line_1_20' title="bbox 439 2476 2802 2563; baseline -0.003 -21"><span class='ocrx_word' id='word_1_162' title='bbox 439 2489 843 2543; x_wconf 89' lang='lat' dir='ltr'>testamento</span> <span class='ocrx_word' id='word_1_163' title='bbox 909 2479 1286 2543; x_wconf 90' lang='lat' dir='ltr'>libertatem</span> <span class='ocrx_word' id='word_1_164' title='bbox 1364 2479 1423 2543; x_wconf 93' lang='lat' dir='ltr'>ei</span> <span class='ocrx_word' id='word_1_165' title='bbox 1498 2489 1877 2563; x_wconf 88' lang='lat' dir='ltr'>competere</span> <span class='ocrx_word' id='word_1_166' title='bbox 1944 2476 2104 2542; x_wconf 88' lang='lat' dir='ltr'>vult.</span> <span class='ocrx_word' id='word_1_167' title='bbox 2213 2476 2439 2542; x_wconf 87' lang='lat' dir='ltr'>Verba</span> <span class='ocrx_word' id='word_1_168' title='bbox 2512 2488 2736 2544; x_wconf 85' lang='lat' dir='ltr'>autem</span> <span class='ocrx_word' id='word_1_169' title='bbox 2768 2481 2802 2534; x_wconf 88' lang='grc'><strong>3</strong></span> 
     </span>
     <span class='ocr_line' id='line_1_21' title="bbox 439 2565 2741 2663; baseline 0 -18"><span class='ocrx_word' id='word_1_170' title='bbox 439 2582 1096 2648; x_wconf 89' lang='lat' dir='ltr'>fideicommissorum</span> <span class='ocrx_word' id='word_1_171' title='bbox 1126 2582 1290 2648; x_wconf 83' lang='lat' dir='ltr'>haec</span> <span class='ocrx_word' id='word_1_172' title='bbox 1329 2584 1625 2647; x_wconf 85' lang='lat' dir='ltr'>maxime</span> <span class='ocrx_word' id='word_1_173' title='bbox 1656 2586 1722 2647; x_wconf 92' lang='lat' dir='ltr'>in</span> <span class='ocrx_word' id='word_1_174' title='bbox 1755 2604 1875 2647; x_wconf 87' lang='lat' dir='ltr'>usu</span> <span class='ocrx_word' id='word_1_175' title='bbox 1904 2581 2302 2647; x_wconf 87' lang='lat' dir='ltr'>habeantur:</span> <span class='ocrx_word' id='word_1_176' title='bbox 2348 2565 2528 2663; x_wconf 81' lang='lat' dir='ltr'>peto,</span> <span class='ocrx_word' id='word_1_177' title='bbox 2559 2600 2741 2663; x_wconf 87' lang='lat' dir='ltr'>rogo,</span> 
     </span>
     <span class='ocr_line' id='line_1_22' title="bbox 437 2684 2766 2777; baseline -0.002 -25"><span class='ocrx_word' id='word_1_178' title='bbox 437 2688 610 2764; x_wconf 82' lang='lat' dir='ltr'>v010,</span> <span class='ocrx_word' id='word_1_179' title='bbox 673 2689 938 2764; x_wconf 89' lang='lat' dir='ltr'>mand0,</span> <span class='ocrx_word' id='word_1_180' title='bbox 1005 2686 1161 2752; x_wconf 85' lang='lat' dir='ltr'>fidei</span> <span class='ocrx_word' id='word_1_181' title='bbox 1221 2698 1376 2752; x_wconf 88' lang='lat' dir='ltr'>tuae</span> <span class='ocrx_word' id='word_1_182' title='bbox 1441 2689 1810 2753; x_wconf 87' lang='lat' dir='ltr'>committo.</span> <span class='ocrx_word' id='word_1_183' title='bbox 1920 2708 2093 2770; x_wconf 90' lang='lat' dir='ltr'>quae</span> <span class='ocrx_word' id='word_1_184' title='bbox 2151 2684 2423 2769; x_wconf 88' lang='lat' dir='ltr'>perinde</span> <span class='ocrx_word' id='word_1_185' title='bbox 2481 2684 2766 2777; x_wconf 31' lang='lat' dir='ltr'>singula-</span> 
     </span>
     <span class='ocr_line' id='line_1_23' title="bbox 438 2784 2749 2875; baseline -0.001 -20"><span class='ocrx_word' id='word_1_186' title='bbox 438 2792 630 2857; x_wconf 86' lang='lat' dir='ltr'>firma</span> <span class='ocrx_word' id='word_1_187' title='bbox 672 2803 844 2872; x_wconf 84' lang='lat' dir='ltr'>sunt,</span> <span class='ocrx_word' id='word_1_188' title='bbox 878 2803 1082 2875; x_wconf 89' lang='lat' dir='ltr'>atque</span> <span class='ocrx_word' id='word_1_189' title='bbox 1125 2794 1180 2857; x_wconf 91' lang='lat' dir='ltr'>si</span> <span class='ocrx_word' id='word_1_190' title='bbox 1222 2793 1446 2857; x_wconf 89' lang='lat' dir='ltr'>omnia</span> <span class='ocrx_word' id='word_1_191' title='bbox 1490 2794 1559 2857; x_wconf 90' lang='lat' dir='ltr'>in</span> <span class='ocrx_word' id='word_1_192' title='bbox 1604 2812 1811 2856; x_wconf 91' lang='lat' dir='ltr'>unum</span> <span class='ocrx_word' id='word_1_193' title='bbox 1858 2800 2174 2875; x_wconf 85' lang='lat' dir='ltr'>congesta</span> <span class='ocrx_word' id='word_1_194' title='bbox 2218 2798 2456 2854; x_wconf 88' lang='lat' dir='ltr'>essent.</span> <span class='ocrx_word' id='word_1_195' title='bbox 2734 2784 2749 2801; x_wconf 62' lang='lat'>²</span> 
     </span>
    </p>
   </div>
   <div class='ocr_carea' id='block_1_3' title="bbox 1481 3002 1705 3067">
    <p class='ocr_par' dir='ltr' id='par_1_3' title="bbox 1481 3002 1705 3067">
     <span class='ocr_line' id='line_1_24' title="bbox 1481 3002 1705 3067; baseline -0.004 -1"><span class='ocrx_word' id='word_1_196' title='bbox 1481 3002 1705 3067; x_wconf 91' lang='lat' dir='ltr'><strong>XXV.</strong></span> 
     </span>
    </p>
   </div>
   <div class='ocr_carea' id='block_1_4' title="bbox 1293 3168 1888 3221">
    <p class='ocr_par' dir='ltr' id='par_1_4' title="bbox 1293 3168 1888 3221">
     <span class='ocr_line' id='line_1_25' title="bbox 1293 3168 1888 3221; baseline -0.003 0"><span class='ocrx_word' id='word_1_197' title='bbox 1293 3170 1396 3221; x_wconf 91' lang='lat' dir='ltr'>DE</span> <span class='ocrx_word' id='word_1_198' title='bbox 1449 3168 1888 3221; x_wconf 85' lang='lat' dir='ltr'><strong>CODICILLIS.</strong></span> 
     </span>
    </p>
   </div>
   <div class='ocr_carea' id='block_1_5' title="bbox 435 3308 2743 3709">
    <p class='ocr_par' dir='ltr' id='par_1_5' title="bbox 435 3308 2743 3709">
     <span class='ocr_line' id='line_1_26' title="bbox 526 3308 2741 3397; baseline -0.002 -20"><span class='ocrx_word' id='word_1_199' title='bbox 526 3312 714 3379; x_wconf 87' lang='lat' dir='ltr'>Ante</span> <span class='ocrx_word' id='word_1_200' title='bbox 743 3311 1037 3397; x_wconf 86' lang='lat' dir='ltr'>Augusti</span> <span class='ocrx_word' id='word_1_201' title='bbox 1082 3322 1386 3396; x_wconf 85' lang='lat' dir='ltr'>tempora</span> <span class='ocrx_word' id='word_1_202' title='bbox 1432 3321 1696 3377; x_wconf 88' lang='lat' dir='ltr'>constat</span> <span class='ocrx_word' id='word_1_203' title='bbox 1740 3312 1839 3376; x_wconf 88' lang='lat' dir='ltr'>ius</span> <span class='ocrx_word' id='word_1_204' title='bbox 1882 3310 2331 3376; x_wconf 89' lang='lat' dir='ltr'>codicillorum</span> <span class='ocrx_word' id='word_1_205' title='bbox 2362 3330 2493 3373; x_wconf 89' lang='lat' dir='ltr'>non</span> <span class='ocrx_word' id='word_1_206' title='bbox 2524 3308 2741 3389; x_wconf 84' lang='lat' dir='ltr'>fuisse,</span> 
     </span>
     <span class='ocr_line' id='line_1_27' title="bbox 437 3413 2743 3501; baseline -0.002 -21"><span class='ocrx_word' id='word_1_207' title='bbox 437 3418 557 3482; x_wconf 90' lang='lat' dir='ltr'>sed</span> <span class='ocrx_word' id='word_1_208' title='bbox 611 3418 861 3501; x_wconf 90' lang='lat' dir='ltr'>primus</span> <span class='ocrx_word' id='word_1_209' title='bbox 907 3418 1152 3481; x_wconf 91' lang='lat' dir='ltr'>Lucius</span> <span class='ocrx_word' id='word_1_210' title='bbox 1199 3417 1544 3493; x_wconf 80' lang='lat' dir='ltr'>LentuluS,</span> <span class='ocrx_word' id='word_1_211' title='bbox 1591 3438 1681 3480; x_wconf 87' lang='lat' dir='ltr'>ex</span> <span class='ocrx_word' id='word_1_212' title='bbox 1729 3416 1912 3481; x_wconf 88' lang='lat' dir='ltr'>cuius</span> <span class='ocrx_word' id='word_1_213' title='bbox 1968 3434 2249 3499; x_wconf 88' lang='lat' dir='ltr'>persona</span> <span class='ocrx_word' id='word_1_214' title='bbox 2302 3413 2504 3478; x_wconf 89' lang='lat' dir='ltr'>etiam</span> <span class='ocrx_word' id='word_1_215' title='bbox 2559 3413 2743 3477; x_wconf 86' lang='lat' dir='ltr'>fidei-</span> 
     </span>
     <span class='ocr_line' id='line_1_28' title="bbox 439 3518 2743 3605; baseline -0.001 -19"><span class='ocrx_word' id='word_1_216' title='bbox 439 3522 793 3586; x_wconf 90' lang='lat' dir='ltr'>commissa</span> <span class='ocrx_word' id='word_1_217' title='bbox 839 3533 1213 3605; x_wconf 87' lang='lat' dir='ltr'>coeperunt‚</span> <span class='ocrx_word' id='word_1_218' title='bbox 1271 3519 1610 3587; x_wconf 89' lang='lat' dir='ltr'>codicillos</span> <span class='ocrx_word' id='word_1_219' title='bbox 1664 3521 2051 3585; x_wconf 87' lang='lat' dir='ltr'>introduxit.</span> <span class='ocrx_word' id='word_1_220' title='bbox 2140 3540 2297 3583; x_wconf 86' lang='lat' dir='ltr'>nam</span> <span class='ocrx_word' id='word_1_221' title='bbox 2348 3539 2500 3584; x_wconf 90' lang='lat' dir='ltr'>cum</span> <span class='ocrx_word' id='word_1_222' title='bbox 2550 3518 2743 3583; x_wconf 90' lang='lat' dir='ltr'>dece-</span> 
     </span>
     <span class='ocr_line' id='line_1_29' title="bbox 435 3623 2741 3709; baseline -0.001 -18"><span class='ocrx_word' id='word_1_223' title='bbox 435 3628 626 3691; x_wconf 86' lang='lat' dir='ltr'>deret</span> <span class='ocrx_word' id='word_1_224' title='bbox 682 3628 750 3690; x_wconf 90' lang='lat' dir='ltr'>in</span> <span class='ocrx_word' id='word_1_225' title='bbox 797 3625 1044 3703; x_wconf 84' lang='lat' dir='ltr'>Africa,</span> <span class='ocrx_word' id='word_1_226' title='bbox 1095 3627 1356 3709; x_wconf 89' lang='lat' dir='ltr'>scripsit</span> <span class='ocrx_word' id='word_1_227' title='bbox 1428 3626 1763 3691; x_wconf 88' lang='lat' dir='ltr'>codicillos</span> <span class='ocrx_word' id='word_1_228' title='bbox 1836 3633 2239 3689; x_wconf 86' lang='lat' dir='ltr'>testamento</span> <span class='ocrx_word' id='word_1_229' title='bbox 2298 3623 2741 3699; x_wconf 84' lang='lat' dir='ltr'>confirmatos,</span> 
     </span>
    </p>
   </div>
   <div class='ocr_carea' id='block_1_6' title="bbox 437 3809 2744 4639">
    <p class='ocr_par' dir='ltr' id='par_1_6' title="bbox 438 3809 2744 4138">
     <span class='ocr_line' id='line_1_30' title="bbox 439 3809 2744 3887; baseline -0.003 -16"><span class='ocrx_word' id='word_1_230' title='bbox 439 3815 724 3887; x_wconf 86' lang='lat' dir='ltr'>queathed</span> <span class='ocrx_word' id='word_1_231' title='bbox 747 3824 809 3871; x_wconf 85' lang='lat' dir='ltr'>to</span> <span class='ocrx_word' id='word_1_232' title='bbox 834 3832 870 3871; x_wconf 80' lang='lat' dir='ltr'>a</span> <span class='ocrx_word' id='word_1_233' title='bbox 894 3832 1090 3870; x_wconf 87' lang='lat' dir='ltr'>servus</span> <span class='ocrx_word' id='word_1_234' title='bbox 1114 3814 1332 3870; x_wconf 84' lang='lat' dir='ltr'>alienus</span> <span class='ocrx_word' id='word_1_235' title='bbox 1357 3816 1454 3870; x_wconf 85' lang='lat' dir='ltr'>the</span> <span class='ocrx_word' id='word_1_236' title='bbox 1481 3825 1696 3871; x_wconf 87' lang='lat' dir='ltr'>master</span> <span class='ocrx_word' id='word_1_237' title='bbox 1719 3814 1886 3870; x_wconf 88' lang='lat' dir='ltr'>could</span> <span class='ocrx_word' id='word_1_238' title='bbox 1910 3823 2011 3870; x_wconf 92' lang='lat' dir='ltr'>not</span> <span class='ocrx_word' id='word_1_239' title='bbox 2035 3814 2221 3868; x_wconf 78' lang='lat' dir='ltr'>refuse</span> <span class='ocrx_word' id='word_1_240' title='bbox 2246 3822 2306 3868; x_wconf 93' lang='lat' dir='ltr'>to</span> <span class='ocrx_word' id='word_1_241' title='bbox 2330 3813 2433 3867; x_wconf 86' lang='lat' dir='ltr'>sell</span> <span class='ocrx_word' id='word_1_242' title='bbox 2458 3809 2579 3865; x_wconf 88' lang='lat' dir='ltr'>him</span> <span class='ocrx_word' id='word_1_243' title='bbox 2605 3811 2655 3865; x_wconf 81' lang='lat' dir='ltr'>if</span> <span class='ocrx_word' id='word_1_244' title='bbox 2670 3812 2744 3866; x_wconf 87' lang='lat' dir='ltr'>he</span> 
     </span>
     <span class='ocr_line' id='line_1_31' title="bbox 438 3894 2741 3969; baseline -0.003 -14"><span class='ocrx_word' id='word_1_245' title='bbox 438 3900 555 3955; x_wconf 88' lang='lat' dir='ltr'>had</span> <span class='ocrx_word' id='word_1_246' title='bbox 580 3900 750 3955; x_wconf 82' lang='lat' dir='ltr'>taken</span> <span class='ocrx_word' id='word_1_247' title='bbox 789 3916 902 3969; x_wconf 86' lang='lat' dir='ltr'>any</span> <span class='ocrx_word' id='word_1_248' title='bbox 925 3899 1136 3954; x_wconf 87' lang='lat' dir='ltr'>benefit</span> <span class='ocrx_word' id='word_1_249' title='bbox 1166 3900 1244 3969; x_wconf 86' lang='lat' dir='ltr'>by</span> <span class='ocrx_word' id='word_1_250' title='bbox 1269 3900 1367 3954; x_wconf 87' lang='lat' dir='ltr'>the</span> <span class='ocrx_word' id='word_1_251' title='bbox 1399 3901 1683 3955; x_wconf 86' lang='lat' dir='ltr'>testator&#39;s</span> <span class='ocrx_word' id='word_1_252' title='bbox 1722 3899 1982 3965; x_wconf 88' lang='lat' dir='ltr'>decease,</span> <span class='ocrx_word' id='word_1_253' title='bbox 2010 3896 2152 3954; x_wconf 89' lang='lat' dir='ltr'>Cod.</span> <span class='ocrx_word' id='word_1_254' title='bbox 2177 3896 2226 3951; x_wconf 92' lang='lat'>6.</span> <span class='ocrx_word' id='word_1_255' title='bbox 2260 3909 2341 3966; x_wconf 82' lang='lat'>50.</span> <span class='ocrx_word' id='word_1_256' title='bbox 2375 3910 2455 3965; x_wconf 84' lang='lat'>13,</span> <span class='ocrx_word' id='word_1_257' title='bbox 2497 3894 2628 3965; x_wconf 83' lang='lat' dir='ltr'>Dig.</span> <span class='ocrx_word' id='word_1_258' title='bbox 2654 3909 2741 3962; x_wconf 83' lang='lat'>40.</span> 
     </span>
     <span class='ocr_line' id='line_1_32' title="bbox 445 3978 2743 4053; baseline -0.002 -16"><span class='ocrx_word' id='word_1_259' title='bbox 445 3995 491 4053; x_wconf 83' lang='lat'>5.</span> <span class='ocrx_word' id='word_1_260' title='bbox 525 3998 600 4053; x_wconf 91' lang='lat'>19.</span> <span class='ocrx_word' id='word_1_261' title='bbox 635 3998 681 4038; x_wconf 89' lang='lat'>1.</span> <span class='ocrx_word' id='word_1_262' title='bbox 756 3981 834 4052; x_wconf 86' lang='lat'>(2)</span> <span class='ocrx_word' id='word_1_263' title='bbox 876 3984 972 4037; x_wconf 91' lang='lat' dir='ltr'>No</span> <span class='ocrx_word' id='word_1_264' title='bbox 999 3982 1501 4038; x_wconf 84' lang='lat' dir='ltr'>fideicommissum</span> <span class='ocrx_word' id='word_1_265' title='bbox 1537 3983 1706 4038; x_wconf 83' lang='lat' dir='ltr'>could</span> <span class='ocrx_word' id='word_1_266' title='bbox 1732 3983 1804 4037; x_wconf 89' lang='lat' dir='ltr'>be</span> <span class='ocrx_word' id='word_1_267' title='bbox 1828 3981 2042 4052; x_wconf 79' lang='lat' dir='ltr'>validly</span> <span class='ocrx_word' id='word_1_268' title='bbox 2058 3979 2320 4051; x_wconf 88' lang='lat' dir='ltr'>imposed</span> <span class='ocrx_word' id='word_1_269' title='bbox 2346 3996 2420 4033; x_wconf 92' lang='lat' dir='ltr'>on</span> <span class='ocrx_word' id='word_1_270' title='bbox 2454 3979 2551 4033; x_wconf 84' lang='lat' dir='ltr'>the</span> <span class='ocrx_word' id='word_1_271' title='bbox 2578 3978 2743 4048; x_wconf 84' lang='lat' dir='ltr'>‘legi-</span> 
     </span>
     <span class='ocr_line' id='line_1_33' title="bbox 439 4065 1813 4138; baseline -0.001 -17"><span class='ocrx_word' id='word_1_272' title='bbox 439 4066 579 4121; x_wconf 85' lang='lat' dir='ltr'>tima</span> <span class='ocrx_word' id='word_1_273' title='bbox 603 4067 766 4138; x_wconf 88' lang='lat' dir='ltr'>pars&#39;</span> <span class='ocrx_word' id='word_1_274' title='bbox 793 4066 933 4122; x_wconf 89' lang='lat' dir='ltr'>Cod.</span> <span class='ocrx_word' id='word_1_275' title='bbox 964 4080 1012 4134; x_wconf 90' lang='lat'>3.</span> <span class='ocrx_word' id='word_1_276' title='bbox 1039 4068 1122 4121; x_wconf 86' lang='lat'>28.</span> <span class='ocrx_word' id='word_1_277' title='bbox 1152 4081 1219 4135; x_wconf 90' lang='lat'>32</span> <span class='ocrx_word' id='word_1_278' title='bbox 1243 4084 1258 4134; x_wconf 90' lang='lat'><strong>;</strong></span> <span class='ocrx_word' id='word_1_279' title='bbox 1295 4066 1372 4122; x_wconf 89' lang='lat' dir='ltr'>ib.</span> <span class='ocrx_word' id='word_1_280' title='bbox 1398 4065 1484 4136; x_wconf 84' lang='lat'>36.</span> <span class='ocrx_word' id='word_1_281' title='bbox 1505 4084 1587 4138; x_wconf 87' lang='lat' dir='ltr'>pr.</span> <span class='ocrx_word' id='word_1_282' title='bbox 1617 4066 1732 4121; x_wconf 89' lang='lat' dir='ltr'>and</span> <span class='ocrx_word' id='word_1_283' title='bbox 1764 4081 1813 4121; x_wconf 88' lang='lat'>1.</span> 
     </span>
    </p>

    <p class='ocr_par' dir='ltr' id='par_1_7' title="bbox 437 4146 2743 4554">
     <span class='ocr_line' id='line_1_34' title="bbox 513 4146 2743 4221; baseline -0.002 -17"><span class='ocrx_word' id='word_1_284' title='bbox 513 4148 626 4221; x_wconf 58' lang='lat' dir='ltr'>§a</span> <span class='ocrx_word' id='word_1_285' title='bbox 667 4150 778 4205; x_wconf 87' lang='lat' dir='ltr'>See</span> <span class='ocrx_word' id='word_1_286' title='bbox 810 4150 1120 4221; x_wconf 86' lang='lat' dir='ltr'>preceding</span> <span class='ocrx_word' id='word_1_287' title='bbox 1152 4160 1305 4207; x_wconf 90' lang='lat' dir='ltr'>note.</span> <span class='ocrx_word' id='word_1_288' title='bbox 1383 4152 1450 4205; x_wconf 87' lang='lat' dir='ltr'>In</span> <span class='ocrx_word' id='word_1_289' title='bbox 1478 4149 1674 4205; x_wconf 85' lang='lat' dir='ltr'>Gaius’</span> <span class='ocrx_word' id='word_1_290' title='bbox 1697 4149 1836 4205; x_wconf 86' lang='lat' dir='ltr'>time</span> <span class='ocrx_word' id='word_1_291' title='bbox 1862 4149 1959 4203; x_wconf 88' lang='lat' dir='ltr'>the</span> <span class='ocrx_word' id='word_1_292' title='bbox 1992 4147 2197 4203; x_wconf 84' lang='lat' dir='ltr'>refusal</span> <span class='ocrx_word' id='word_1_293' title='bbox 2224 4146 2290 4202; x_wconf 83' lang='lat' dir='ltr'>of</span> <span class='ocrx_word' id='word_1_294' title='bbox 2314 4147 2412 4202; x_wconf 89' lang='lat' dir='ltr'>the</span> <span class='ocrx_word' id='word_1_295' title='bbox 2446 4154 2661 4201; x_wconf 85' lang='lat' dir='ltr'>master</span> <span class='ocrx_word' id='word_1_296' title='bbox 2681 4151 2743 4200; x_wconf 88' lang='lat' dir='ltr'>to</span> 
     </span>
     <span class='ocr_line' id='line_1_35' title="bbox 437 4228 2743 4306; baseline -0.002 -18"><span class='ocrx_word' id='word_1_297' title='bbox 437 4234 543 4289; x_wconf 83' lang='lat' dir='ltr'>sell</span> <span class='ocrx_word' id='word_1_298' title='bbox 575 4250 612 4288; x_wconf 81' lang='lat' dir='ltr'>a</span> <span class='ocrx_word' id='word_1_299' title='bbox 648 4234 804 4288; x_wconf 83' lang='lat' dir='ltr'>slave</span> <span class='ocrx_word' id='word_1_300' title='bbox 829 4242 889 4287; x_wconf 94' lang='lat' dir='ltr'>to</span> <span class='ocrx_word' id='word_1_301' title='bbox 915 4234 1103 4288; x_wconf 80' lang='lat' dir='ltr'>whom</span> <span class='ocrx_word' id='word_1_302' title='bbox 1135 4250 1172 4289; x_wconf 88' lang='lat' dir='ltr'>a</span> <span class='ocrx_word' id='word_1_303' title='bbox 1203 4242 1443 4289; x_wconf 84' lang='lat' dir='ltr'>testator</span> <span class='ocrx_word' id='word_1_304' title='bbox 1465 4233 1583 4290; x_wconf 86' lang='lat' dir='ltr'>had</span> <span class='ocrx_word' id='word_1_305' title='bbox 1615 4232 1976 4306; x_wconf 87' lang='lat' dir='ltr'>bequeathed</span> <span class='ocrx_word' id='word_1_306' title='bbox 2000 4232 2255 4287; x_wconf 83' lang='lat' dir='ltr'>freedom</span> <span class='ocrx_word' id='word_1_307' title='bbox 2291 4230 2368 4298; x_wconf 86' lang='lat' dir='ltr'>by</span> <span class='ocrx_word' id='word_1_308' title='bbox 2393 4246 2429 4285; x_wconf 80' lang='lat' dir='ltr'>a</span> <span class='ocrx_word' id='word_1_309' title='bbox 2453 4228 2743 4285; x_wconf 85' lang='lat' dir='ltr'>fideicom-</span> 
     </span>
     <span class='ocr_line' id='line_1_36' title="bbox 437 4312 2742 4387; baseline -0.002 -16"><span class='ocrx_word' id='word_1_310' title='bbox 437 4316 676 4373; x_wconf 89' lang='lat' dir='ltr'>missum</span> <span class='ocrx_word' id='word_1_311' title='bbox 702 4317 819 4373; x_wconf 87' lang='lat' dir='ltr'>had</span> <span class='ocrx_word' id='word_1_312' title='bbox 841 4315 989 4372; x_wconf 90' lang='lat' dir='ltr'>been</span> <span class='ocrx_word' id='word_1_313' title='bbox 1014 4317 1152 4371; x_wconf 86' lang='lat' dir='ltr'>fatal</span> <span class='ocrx_word' id='word_1_314' title='bbox 1175 4327 1236 4372; x_wconf 91' lang='lat' dir='ltr'>to</span> <span class='ocrx_word' id='word_1_315' title='bbox 1268 4317 1366 4372; x_wconf 89' lang='lat' dir='ltr'>the</span> <span class='ocrx_word' id='word_1_316' title='bbox 1391 4315 1767 4387; x_wconf 86' lang='lat' dir='ltr'>disposition:</span> <span class='ocrx_word' id='word_1_317' title='bbox 1807 4316 1823 4345; x_wconf 89' lang='lat'>‘</span> <span class='ocrx_word' id='word_1_318' title='bbox 1839 4315 1887 4371; x_wconf 89' lang='lat' dir='ltr'>si</span> <span class='ocrx_word' id='word_1_319' title='bbox 1915 4314 2179 4370; x_wconf 88' lang='lat' dir='ltr'>dominus</span> <span class='ocrx_word' id='word_1_320' title='bbox 2212 4330 2344 4370; x_wconf 86' lang='lat' dir='ltr'>eum</span> <span class='ocrx_word' id='word_1_321' title='bbox 2374 4329 2489 4367; x_wconf 89' lang='lat' dir='ltr'>non</span> <span class='ocrx_word' id='word_1_322' title='bbox 2514 4312 2742 4381; x_wconf 85' lang='lat' dir='ltr'>vendat,</span> 
     </span>
     <span class='ocr_line' id='line_1_37' title="bbox 439 4394 2743 4472; baseline -0.003 -17"><span class='ocrx_word' id='word_1_323' title='bbox 439 4416 579 4455; x_wconf 87' lang='lat' dir='ltr'>sane</span> <span class='ocrx_word' id='word_1_324' title='bbox 614 4399 956 4470; x_wconf 86' lang='lat' dir='ltr'>extinguitur</span> <span class='ocrx_word' id='word_1_325' title='bbox 994 4399 1242 4471; x_wconf 84' lang='lat' dir='ltr'>libertas,</span> <span class='ocrx_word' id='word_1_326' title='bbox 1270 4400 1403 4472; x_wconf 80' lang='lat' dir='ltr'>quia</span> <span class='ocrx_word' id='word_1_327' title='bbox 1439 4417 1543 4471; x_wconf 88' lang='lat' dir='ltr'>pro</span> <span class='ocrx_word' id='word_1_328' title='bbox 1579 4400 1843 4455; x_wconf 85' lang='lat' dir='ltr'>libertate</span> <span class='ocrx_word' id='word_1_329' title='bbox 1879 4397 2043 4470; x_wconf 88' lang='lat' dir='ltr'>pretii</span> <span class='ocrx_word' id='word_1_330' title='bbox 2084 4396 2433 4469; x_wconf 87' lang='lat' dir='ltr'>computatio</span> <span class='ocrx_word' id='word_1_331' title='bbox 2468 4396 2625 4451; x_wconf 87' lang='lat' dir='ltr'>nulla</span> <span class='ocrx_word' id='word_1_332' title='bbox 2660 4394 2743 4449; x_wconf 90' lang='lat' dir='ltr'>in-</span> 
     </span>
     <span class='ocr_line' id='line_1_38' title="bbox 437 4482 937 4554; baseline 0.002 -15"><span class='ocrx_word' id='word_1_333' title='bbox 437 4482 709 4539; x_wconf 82' lang='lat' dir='ltr'>tervenit&#39;</span> <span class='ocrx_word' id='word_1_334' title='bbox 731 4482 788 4538; x_wconf 88' lang='lat' dir='ltr'>ii.</span> <span class='ocrx_word' id='word_1_335' title='bbox 814 4484 937 4554; x_wconf 82' lang='lat'><strong>265.</strong></span> 
     </span>
    </p>

    <p class='ocr_par' dir='ltr' id='par_1_8' title="bbox 507 4558 2743 4639">
     <span class='ocr_line' id='line_1_39' title="bbox 507 4558 2743 4639; baseline -0.004 -16"><span class='ocrx_word' id='word_1_336' title='bbox 507 4569 627 4623; x_wconf 65' lang='grc' dir='ltr'>Ἧι</span> <span class='ocrx_word' id='word_1_337' title='bbox 654 4570 859 4624; x_wconf 80' lang='lat' dir='ltr'>XXV.</span> <span class='ocrx_word' id='word_1_338' title='bbox 898 4568 1087 4624; x_wconf 88' lang='lat' dir='ltr'>When</span> <span class='ocrx_word' id='word_1_339' title='bbox 1115 4568 1233 4625; x_wconf 86' lang='lat' dir='ltr'>first</span> <span class='ocrx_word' id='word_1_340' title='bbox 1259 4566 1592 4639; x_wconf 83' lang='lat' dir='ltr'>recognised</span> <span class='ocrx_word' id='word_1_341' title='bbox 1620 4584 1685 4623; x_wconf 84' lang='lat' dir='ltr'>as</span> <span class='ocrx_word' id='word_1_342' title='bbox 1709 4564 1947 4637; x_wconf 88' lang='lat' dir='ltr'>binding</span> <span class='ocrx_word' id='word_1_343' title='bbox 1972 4565 2153 4622; x_wconf 84' lang='lat' dir='ltr'>under</span> <span class='ocrx_word' id='word_1_344' title='bbox 2176 4564 2483 4634; x_wconf 81' lang='lat' dir='ltr'>Augustus,</span> <span class='ocrx_word' id='word_1_345' title='bbox 2500 4558 2743 4617; x_wconf 89' lang='lat' dir='ltr'>codicilli</span> 
     </span>
    </p>
   </div>
  </div>
 </body>
</html>
