3230 5116
379 452 486 501 Tit.
508 444 616 514 23.]
701 444 824 499 DE
849 442 1713 501 FIDEICOMMJSSARJIS
1738 442 2135 499 HEREDIT
2127 442 2185 499 A
2198 445 2252 500 T
2246 444 2445 501 IBUS
2447 485 2463 501 .
2556 454 2682 523 299

1396 650 1668 717 XXIII.

748 842 850 894 DE
895 842 1639 895 meconmssARns
1686 840 2313 895 memmi-Annus,

468 1002 665 1067 Nunc
711 1011 1124 1069 transeamus
1167 1004 1255 1069 ad
1297 1003 1827 1069 fideicommissa·
1939 1013 2007 1069 et
2050 1007 2233 1089 prius
2277 1006 2365 1071 de
2414 1004 2675 1071 heredi·

379 1105 632 1173 tatibus
680 1105 1302 1179 fideicommissariis
1345 1110 1710 1181 videamus.

465 1207 828 1273 Sciendum
879 1209 1104 1293 itaque
1156 1221 1257 1277 est
1304 1213 1530 1293 omnia
1575 1209 2089 1299 fideicommissa
2119 1180 2365 1299 primis
2409 1223 2733 1300 tempo-1

379 1309 556 1375 ribus
599 1312 862 1377 infirma
904 1335 1065 1388 esse,
1107 1315 1265 1397 quia
1310 1336 1508 1391 nemo
1553 1315 1798 1379 invitus
1840 1292 2201 1397 cogebatur
2239 1326 2574 1398 praestare
2608 1318 2676 1381 id

378 1412 464 1477 de
505 1416 638 1500 quo
683 1425 952 1499 rogatus
996 1420 1186 1483 erat:
1237 1418 1479 1503 quibus
1522 1419 1699 1482 enim
1746 1438 1877 1483 non
1922 1427 2230 1518 poterant
2274 1417 2678 1485 hereditates

375 1498 482 1582 vel
539 1518 762 1601 legata
827 1502 1209 1605 relinquere,
1279 1524 1335 1591 si
1409 1521 1897 1605 relinquebant,
1941 1510 2097 1588 fidei
2170 1524 2677 1590 committebant

376 1640 622 1699 eorum,
670 1624 784 1706 qui
842 1645 1079 1709 capere
1136 1646 1225 1691 ex
1284 1634 1687 1692 testamento
1748 1634 2093 1709 poterant:
2168 1635 2238 1691 et
2288 1628 2439 1691 ideo
2491 1627 2679 1692 fidei-

377 1727 728 1792 commissa
765 1729 1105 1812 appellata
1147 1741 1321 1809 sunt,
1354 1731 1512 1813 quia
1551 1729 1737 1794 nullo
1763 1730 2026 1795 vinculo
2056 1730 2230 1806 iuris,
2263 1732 2381 1795 sed
2412 1740 2675 1796 tantum

375 1832 628 1919 pudore
669 1832 901 1897 eorum'
944 1835 1056 1917 qui
1104 1834 1507 1924 rogabantur
1547 1835 2072 1900 continebantur.
2160 1843 2397 1918 postea
2425 1836 2675 1919 primus

375 1934 566 1999 divus
612 1936 962 2019 Augustus
1013 1938 1220 2003 semel
1272 1940 1647 2021 iterumque
1694 1938 1909 2021 gratia
1961 1958 2386 2021 personarum
2437 1948 2675 2017 motuS,

373 2038 478 2103 vel
523 2041 681 2123 quia
728 2062 846 2124 per
891 2043 1096 2126 ipsius
1145 2044 1432 2109 salutem
1491 2053 1765 2127 rogatus
1798 2044 1971 2126 quis
2028 2044 2371 2119 diceretur,
2422 2053 2539 2107 aut
2585 2044 2675 2107 ob

374 2141 702 2227 insignem
735 2146 1153 2227 quorundam
1183 2148 1529 2231 perfidiam
1574 2146 1764 2213 iussit
1802 2146 2183 2211 consulibus
2210 2148 2673 2211 auctoritatem

373 2267 562 2318 suam
609 2250 1043 2334 interponere.
1132 2254 1314 2335 quod
1351 2254 1508 2336 quia
1555 2253 1804 2317 iustum
1846 2252 2194 2316 videbatur
2239 2260 2307 2316 et
2355 2252 2673 2335 populare

373 2361 531 2429 erat,
583 2352 923 2439 paulatim·
953 2351 1354 2426 ,conversum
1417 2365 1522 2424 est
1579 2358 1649 2429 in
1706 2355 2056 2431 adsiduam
2118 2354 2671 2435 iurisdictionem;

371 2462 730 2540 tantusque
763 2458 947 2523 favor
991 2480 1219 2525 eorum
1265 2460 1480 2526 sactus
1523 2468 1643 2537 est,
1686 2470 1761 2525 ut
1800 2460 2123 2543 paulatim
2167 2460 2369 2528 etiam
2410 2470 2675 2541 praetor

371 2561 672 2643 proprius
716 2573 1058 2640 crearetur,
1093 2566 1204 2650 qui
1250 2565 1776 2632 fideicommissis
1820 2565 1920 2630 ius
1965 2565 2229 2644 diceret,
2258 2584 2457 2649 quem
2488 2563 2674 2628 fidei-

372 2667 894 2754 commissariam
937 2670 1379 2764 appellabant.

370 2973 436 3028 of
464 2974 681 3046 objects
718 2979 1047 3050 possessing
1082 2997 1159 3035 no
1194 2997 1402 3052 proper
1422 2979 1733 3052 pecuniary
1756 2978 1937 3049 value,
1962 2979 2103 3034 such
2140 2995 2205 3033 as
2242 2978 2579 3033 documents
2614 2979 2681 3033 of

369 3055 508 3125 title,
526 3059 668 3114 >Cod.
690 3060 741 3116 6.
773 3075 854 3131 50.
882 3075 961 3132 ις,
986 3064 1176 3134 legata
1201 3063 1376 3119 debiti
1401 3063 1566 3119 when
1593 3064 1751 3119 there
1776 3061 1825 3116 is
1851 3078 1929 3116 no
1952 3061 2317 3118 commodum
2344 3077 2671 3131 repraesen-

369 3140 600 3196 tationis
627 3143 761 3212 (Tit.
789 3159 871 3199 20.
907 3160 969 3213 14
994 3146 1187 3217 supr.),
1216 3147 1348 3218 Dig.
1378 3161 1464 3216 30.
1491 3148 1576 3202 28.
1611 3162 1670 3213 13
1706 3144 1951 3214 legacies
1988 3145 2065 3200 ad
2101 3145 2226 3215 pias
2262 3161 2483 3212 causas,
2522 3146 2671 3200 Nov.

377 3237 494 3291 131.
521 3239 599 3295 12,
625 3226 740 3280 and
764 3227 928 3283 those
952 3227 1137 3283 which
1163 3247 1237 3300 go
1261 3239 1323 3285 to
1347 3230 1516 3285 make
1541 3245 1619 3300 up
1644 3229 1741 3284 the
1765 3227 2019 3296 legitima
2044 3243 2175 3298 pars
2200 3226 2266 3280 os
2282 3242 2519 3297 persons
2544 3228 2670 3282 who

370 3307 537 3360 could
556 3307 722 3378 bring
745 3311 842 3365 the
861 3313 1110 3382 querella
1135 3313 1430 3368 inofficiosi
1451 3311 1777 3369 testamenti
1804 3329 1869 3366 or
1893 3313 1991 3367 the
2016 3310 2166 3368 actio
2190 3310 2267 3365 ad
2292 3310 2669 3381 supplendam

371 3387 699 3462 legitimam,
728 3394 869 3450 Cod.
896 3409 950 3463 3.-
973 3395 1070 3464 38.ί
1086 3397 1157 3465 36
1181 3414 1265 3468 pr.

372 3499 379 3506 ·
439 3477 560 3529 wit.
583 3477 835 3531 XXIII.
863 3479 891 3545 §
920 3482 969 3533 1.
1010 3479 1497 3549 Fideicommissa,
1523 3479 1713 3534 which
1751 3427 1934 3534 under
1967 3477 2298 3548 Justinian’s
2334 3477 2467 3532 final
2504 3477 2669 3548 legis-

367 3555 544 3612 lation
575 3559 906 3629 practically
929 3561 1151 3619 formed
1182 3579 1294 3618 one
1327 3561 1643 3618 institution
1671 3563 1804 3618 with
1838 3561 2100 3631 legacieS,
2128 3560 2185 3615 in
2221 3561 2401 3631 orig-in
2434 3560 2670 3616 differed

366 3639 518 3694 from
549 3642 706 3696 them
745 3641 802 3697 in
839 3646 1036 3714 nearly
1068 3662 1239 3716 every
1274 3656 1514 3718 respect.
1589 3647 1709 3702 Not
1746 3644 1919 3716 being
1954 3646 2162 3715 legally
2184 3643 2425 3714 binding
2460 3643 2519 3699 in
2557 3661 2671 3714 any

367 3737 500 3778 case
532 3740 606 3778 on
642 3725 740 3780 the
773 3725 897 3781 heir
920 3745 986 3782 or
1008 3728 1170 3784 other
1199 3745 1406 3800 person
1433 3729 1560 3784 who
1586 3745 1703 3784 was
1735 3727 1983 3799 charged
2008 3728 2141 3783 with
2167 3729 2340 3797 them,
2367 3729 2528 3783 there
2552 3745 2669 3783 was

367 3805 607 3875 nothing
642 3817 702 3862 to
735 3808 809 3864 be
844 3810 1052 3878 gained
1080 3811 1158 3882 by
1180 3811 1456 3883 inserting
1484 3814 1643 3868 them
1674 3812 1731 3866 in
1766 3830 1803 3867 a
1826 3813 1953 3880 will,
1980 3829 2045 3866 so
2075 3812 2199 3867 that
2233 3811 2509 3883 probably
2534 3813 2669 3882 they

369 3903 514 3943 were
549 3888 608 3942 in
644 3899 794 3946 most
831 3909 994 3949 cases
1031 3896 1150 3949 oral
1188 3911 1254 3949 or
1288 3895 1592 3951 contained
1630 3895 1688 3951 in
1724 3895 1967 3951 codicilli
2002 3895 2135 3964 (Tit.
2163 3908 2230 3964 25
2258 3894 2417 3962 inf.);
2455 3895 2567 3950 this
2608 3905 2665 3950 at

367 3972 511 4026 least
547 3989 732 4028 seems
771 3983 831 4030 to
855 3977 928 4031 be
960 3978 1058 4033 the
1089 3980 1312 4034 natural
1345 3979 1632 4035 inference
1656 3978 1801 4034 from
1831 3981 1927 4035 the
1954 3979 2066 4033 fact
2100 3979 2224 4034 that
2250 3977 2494 4032 codicilli
2520 3996 2667 4034 were

367 4054 596 4110 clothed
619 4045 753 4112 with
779 4059 1096 4130 obligatory
1119 4061 1271 4117 force
1295 4063 1502 4117 almost
1527 4062 1993 4131 simultaneously
2012 4061 2145 4116 with
2169 4063 2475 4130 Augustus’
2497 4060 2667 4117 inter-

365 4139 597 4194 vention
635 4140 692 4195 in
717 4142 914 4198 favour
946 4144 1012 4198 of
1030 4144 1483 4202 fideicommissa.
1563 4148 1631 4200 In
1660 4146 1903 4202 Cicero’s
1937 4145 2075 4200 time
2110 4145 2153 4199 it
2180 4162 2293 4199 was
2328 4145 2667 4201 considered

366 4237 440 4276 an
467 4223 668 4278 honest
703 4227 882 4281 man’s
909 4227 1047 4296 duty
1071 4237 1131 4283 to
1163 4244 1326 4298 carry
1350 4239 1448 4284 out
1473 4227 1918 4285 fideicommissa
1942 4229 2133 4284 whose
2166 4228 2353 4298 object
2381 4245 2495 4282 was
2530 4229 2665 4298 legi-

365 4303 579 4376 timate,
605 4307 770 4364 while
795 4310 960 4364 those
986 4309 1168 4365 which
1194 4311 1384 4367 aimed
1409 4322 1468 4367 at
1504 4329 1577 4366 an
1603 4310 1837 4367 evasion
1863 4312 1930 4366 of
1946 4312 2053 4366 law
2076 4329 2221 4367 were
2257 4311 2626 4382 disregarded
2649 4332 2665 4378 ς

365 4388 439 4443 de
465 4388 556 4445 fin.
585 4405 636 4448 2.
669 4405 730 4458 17
758 4393 873 4447 and
907 4395 981 4448 18.
1059 4395 1174 4448 For
1198 4395 1346 4450 their
1377 4395 1711 4450 conversion
1749 4395 1869 4450 into
1905 4412 1979 4451 an
2006 4395 2022 4424 ‘
2040 4395 2284 4451 adsidua
2320 4395 2632 4450 iurisdictio
2651 4398 2664 4425 ’

365 4471 436 4527 cf.
464 4473 788 4546 Suetonius,
815 4477 1012 4533 Claud.
1041 4491 1110 4546 23
1149 4477 1625 4534 ‘iurisdictionem
1659 4477 1733 4534 de
1771 4478 2223 4536 fideicommissis
2264 4477 2567 4551 quotannis
2604 4489 2663 4534 et

364 4564 587 4611 tantum
613 4557 671 4612 in
697 4559 836 4616 urbe
862 4560 1109 4632 delegari
1135 4561 1558 4633 magistratibus
1581 4561 1827 4631 solitam,
1853 4561 1911 4618 in
1936 4573 2269 4634 perpetuum
2294 4571 2465 4634 atque
2489 4562 2663 4618 etiam
