3230 5116
372 415 476 467 Tit.
505 410 576 476 2.]
647 409 770 464 DE
795 407 1223 464 LEGITIMA
1251 407 1553 476 ADGNA
1566 407 1620 462 T
1618 407 1865 465 ORUM
1883 409 1935 465 S
1943 407 2474 468 UCCESSIONE.
2550 413 2677 487 347

369 574 767 640 intestatum
811 573 1190 639 decessisse.
1283 571 1409 638 Per
1459 569 1890 658 adoptionem
1947 593 2211 658 quoque
2261 571 2679 657 adgnationis
2704 587 2741 644 2

371 678 476 742 ius
528 677 846 756 consistit,
889 677 1096 743 veluti
1145 679 1318 744 inter
1367 679 1538 744 filios
1597 679 1927 745 naturales
1987 689 2055 744 et
2114 699 2227 744 eos
2277 699 2446 762 quos
2492 688 2682 762 pater

371 803 603 847 eorum
647 783 994 866 adoptavit
1038 780 1189 869 (nec
1233 784 1510 849 dubium
1547 793 1668 862 est,
1702 785 1862 868 quin
1906 783 2167 868 proprie
2212 783 2681 866 consanguinei

371 882 855 972 appellentur):
930 886 1093 951 item
1155 889 1210 951 si
1247 887 1410 971 quis
1469 909 1559 952 ex
1617 888 1850 952 ceteris
1906 886 2216 970 adgnatis
2273 885 2423 960 tuis
2475 885 2681 951 veluti

373 989 576 1055 frater
633 1001 752 1057 aut
810 1000 1085 1074 patruus
1135 1001 1254 1057 aut
1313 991 1601 1076 denique
1662 992 1717 1055 is
1775 992 1888 1075 qui
1937 991 2235 1073 longiore
2290 992 2501 1074 gradu
2562 999 2681 1069 est,

375 1094 666 1178 aliquem
709 1095 1147 1178 adoptaverit,
1177 1095 1508 1178 adgnatos
1552 1097 1725 1160 inter
1757 1115 1913 1160 suos
1958 1115 2104 1160 esse
2148 1114 2281 1158 non
2325 1093 2682 1159 dubitatur.

379 1196 696 1263 Ceterum
750 1199 922 1263 inter
969 1198 1302 1264 masculos
1359 1201 1632 1283 quidem
1691 1198 2113 1282 adgnationis
2162 1199 2300 1263 iure
2344 1197 2681 1263 hereditas
2708 1207 2742 1263 3

373 1301 584 1366 etiam
642 1301 1029 1386 longissimo
1099 1302 1309 1386 gradu
1371 1303 1546 1369 ultro
1620 1304 1915 1387 citroque
1978 1303 2255 1386 capitur.
2359 1302 2541 1385 quod
2592 1301 2679 1367 ad

372 1404 654 1471 feminas
711 1426 866 1470 vero
940 1406 1038 1470 ita
1108 1405 1436 1489 placebat,
1495 1415 1570 1471 ut
1628 1407 1811 1491 ipsae
1880 1405 2469 1490 consanguinitatis
2542 1405 2683 1470 iu're

375 1520 642 1576 tantum
701 1511 968 1596 capiant
1038 1510 1498 1591 hereditatem,
1557 1511 1612 1576 si
1680 1531 1935 1576 sorores
2009 1512 2158 1590 sint,
2218 1504 2491 1574 ulterius
2549 1529 2683 1575 non

377 1613 680 1699 capiant:
727 1612 1004 1679 masculi
1032 1635 1192 1678 vero
1235 1615 1324 1679 ad
1369 1633 1595 1681 earum
1640 1614 2059 1691 hereditates,
2091 1615 2291 1679 etiam
2338 1615 2393 1678 si
2439 1614 2681 1697 longis-

373 1719 547 1784 simo
597 1720 810 1802 gradu
837 1719 1016 1794 -sint,
1064 1719 1520 1785 admittantur.
1607 1739 1743 1803 qua
1788 1720 1875 1785 de
1920 1739 2119 1785 causa
2165 1718 2380 1782 fratris
2424 1719 2520 1783 tui
2566 1725 2685 1782 aut

379 1825 601 1908 patrui
632 1824 730 1888 tui
759 1824 938 1888 filiae
973 1824 1081 1888 vel
1111 1823 1372 1889 amitae
1417 1833 1572 1889 tuae
1614 1824 1947 1889 hereditas
1991 1825 2075 1889 ad
2122 1832 2193 1889 te
2234 1823 2537 1906 pertinet,
2566 1831 2685 1888 tua

371 1948 534 1992 vero
563 1929 650 1992 ad
682 1927 832 1992 illas
862 1947 993 1992 non
1024 1927 1416 2011 pertinebat.
1503 1929 1685 2012 quod
1734 1928 1884 1992 ideo
1928 1929 2025 1993 ita
2060 1927 2491 1991 constitutum
2524 1934 2683 2004 erat,

376 2033 538 2115 quia
590 2033 1007 2097 commodius
1058 2032 1411 2097 videbatur
1461 2033 1554 2098 ita
1605 2032 1747 2097 iura
1798 2031 2123 2108 constitui,
2172 2038 2249 2095 ut
2294 2029 2683 2113 plerumque

373 2136 780 2201 hereditates
810 2137 896 2201 ad
931 2136 1264 2201 masculos
1309 2137 1733 2202 confluerent.
1820 2137 1936 2201 sed
1982 2135 2138 2218 quia
2180 2155 2338 2199 sane
2382 2133 2681 2217 iniquum

375 2251 518 2306 erat
550 2241 616 2305 in
647 2241 1028 2306 universum
1075 2261 1187 2305 eas
1229 2243 1418 2324 quasi
1461 2251 1813 2307 extraneas
1854 2239 2101 2324 repelli,
2144 2247 2409 2322 praetor
2438 2257 2550 2302 eas
2594 2237 2681 2303 ad

373 2343 703 2410 bonorum
753 2345 1241 2428 possessionem
1298 2346 1598 2411 admittit
1659 2367 1739 2412 ea
1796 2355 2003 2430 parte,
2051 2364 2186 2427 qua
2232 2343 2684 2427 proximitatis

375 2449 647 2513 nomine
691 2449 1018 2513 bonorum
1063 2450 1550 2532 possessionem
1595 2450 1981 2534 pollicetur:
2045 2469 2133 2513 ex
2176 2468 2311 2531 qua
2354 2456 2545 2530 parte
2590 2446 2685 2511 ita

375 2553 628 2619 scilicet
678 2554 1140 2633 admittuntur,
1177 2553 1235 2619 si
1283 2576 1500 2637 neque
1542 2556 1875 2639 adgnatus
1927 2555 2099 2619 ullus
2148 2573 2268 2618 nec
2316 2553 2686 2637 proximior

377 2667 702 2741 cognatus
747 2659 1162 2724 interveniat.
1268 2658 1362 2723 Et
1405 2658 1571 2726 haec
1614 2662 1887 2744 quidem
1939 2661 2054 2725 lex
2098 2658 2449 2724 duodecim
2494 2656 2685 2721 tabu-

376 2760 591 2828 larum
666 2763 850 2828 nullo
927 2764 1129 2828 modo
1203 2764 1594 2845 introduxit,
1634 2766 1783 2829 -sed
1859 2764 2352 2849 simplicitatem
2426 2761 2684 2844 legibus

373 2867 662 2931 amicam
693 2868 1012 2951 amplexa
1053 2867 1256 2932 simili
1301 2870 1504 2933 modo
1547 2888 1781 2935 omnes
1825 2871 2152 2953 adgnatos
2186 2870 2325 2932 sive
2357 2866 2683 2931 masculos

375 2972 514 3036 sive
565 2972 846 3037 feminas
895 2974 1376 3057 cuiuscumque
1423 2975 1670 3057 gradus
1719 2976 1807 3039 ad
1860 2973 2362 3037 similitudinem
2414 2990 2683 3034 suorum

377 3076 658 3141 invicem
718 3078 805 3141 ad
866 3079 1347 3143 successionem
1401 3079 1723 3145 vocabat:
1808 3080 2030 3143 media
2085 3086 2312 3144 autem
2373 3074 2685 3159 iurispru-

376 3182 623 3257 dentia,
674 3201 847 3264 quae
893 3193 1034 3248 erat
1081 3183 1230 3267 lege
1286 3183 1561 3266 quidem
1615 3182 1970 3248 duodecim
2027 3181 2403 3248 tabularum
2456 3180 2685 3258 iunior,

377 3286 704 3369 imperiali
768 3297 993 3352 autem
1068 3288 1506 3371 dispositione
1579 3288 1885 3367 anterior,
1950 3286 2319 3370 suptilitate
2392 3284 2683 3367 quadam

377 3390 764 3473 excogitata
817 3390 1186 3473 praefatam
1248 3391 1691 3456 differentiam
1751 3391 2108 3457 inducebat
2153 3399 2221 3455 et
2265 3390 2528 3473 penitus
2573 3408 2686 3452 eas

376 3516 419 3559 a
467 3497 879 3560 successione
933 3496 1374 3580 adgnatorum
1427 3496 1810 3580 repellebat,
1865 3496 2047 3561 omni
2096 3494 2227 3561 alia
2270 3491 2686 3557 successione

377 3597 734 3682 incognita,
776 3601 988 3665 donec
1029 3609 1388 3684 praetores,
1431 3600 1753 3683 paulatim
1798 3602 2223 3683 asperitatem
2278 3597 2434 3661 iuris
2480 3596 2686 3661 civilis

375 3704 781 3786 corrigentes
831 3706 971 3769 sive
1018 3705 1203 3787 quod
1255 3706 1449 3769 deest
1494 3705 1957 3788 adimplentes,
2002 3704 2295 3768 humano
2342 3702 2686 3786 proposito

375 3806 580 3872 alium
634 3809 934 3873 ordinem
1000 3810 1136 3873 suis
1191 3809 1424 3874 edictis
1471 3810 1873 3874 addiderunt
1925 3820 1995 3875 et
2053 3806 2463 3892 cognationis
2512 3807 2686 3870 linea

377 3910 825 3994 proximitatis
883 3912 1154 3977 nomine
1211 3912 1588 3978 introducta
1642 3934 1759 3997 per
1816 3913 2142 3978 bonorum
2192 3910 2683 3998 possessionem

377 4034 492 4077 eas
537 4014 944 4080 adiuvabant
990 4025 1058 4081 et
1110 4015 1593 4099 pollicebantur
1643 4016 1749 4081 his
1799 4016 2125 4081 bonorum
2179 4016 2683 4099 possessionem,

376 4138 551 4201 quae
608 4119 787 4184 unde
834 4121 1102 4204 cognati
1155 4120 1546 4205 appellatur.
1638 4122 1784 4185 Nos
1833 4142 1993 4185 vero
2053 4121 2270 4203 legem
2328 4117 2683 4183 duodecim

373 4220 752 4285 tabularum
783 4232 1135 4305 sequentes
1166 4234 1232 4289 et
1263 4224 1404 4288 eius
1432 4224 1714 4307 vestigia
1749 4224 1815 4288 in
1846 4224 1971 4289 hac
2000 4230 2191 4307 parte
2219 4229 2683 4286 conservantes

375 4324 726 4389 laudamus
785 4326 1055 4409 quidem
1120 4340 1459 4411 praetores
1523 4348 1685 4391 suae
1749 4326 2199 4404 humanitatiS,
2262 4344 2395 4388 non
2456 4333 2683 4388 tamen

449 4477 479 4544 ยง
507 4480 560 4532 8.
603 4477 728 4533 The
753 4478 872 4533 rule
898 4478 1022 4533 that
1047 4478 1250 4534 female
1275 4489 1514 4547 agnates
1539 4496 1686 4534 were
1712 4486 1811 4532 not
1838 4477 2073 4533 entitled
2098 4486 2159 4532 to
2184 4476 2424 4531 succeed
2450 4490 2515 4529 as
2541 4476 2681 4529 such

375 4557 425 4617 if
443 4574 602 4617 more
637 4561 912 4633 remotely
935 4561 1153 4619 related
1177 4572 1236 4619 to
1265 4563 1362 4620 the
1387 4562 1672 4621 deceased
1694 4562 1834 4618 than
1859 4578 1924 4619 as
1949 4560 2144 4618 sisters
2168 4576 2285 4616 was
2310 4558 2421 4616 due
2444 4567 2506 4615 to
2530 4557 2681 4614 what
