3230 5116
583 393 710 462 228
993 402 1144 458 INS
1145 403 1199 457 T
1197 401 1241 457 J
1241 401 1294 457 T
1298 401 1412 458 UT
1405 399 1566 458 ION
1567 399 1700 456 ΠΜ
1734 399 1973 456 LIBRI
2010 399 2180 472 QUA
2193 399 2483 458 TTUOR.
2668 401 2799 470 [Lib.
2822 405 2889 456 Π.

528 578 556 634 1
581 565 804 652 gilitas
835 566 902 631 in
932 565 1289 650 perniciem
1319 565 1735 632 substantiae
1778 584 2007 629 earum
2042 571 2549 630 converteretur.
2637 562 2888 628 Contra.

584 680 812 737 autem
842 672 1129 736 creditor
1159 671 1399 755 pignus
1445 691 1534 734 ex
1579 669 1907 752 pactione,
1953 669 2256 752 quamvis
2302 669 2441 733 eius
2486 688 2567 733 ea
2610 688 2715 732 res
2754 687 2887 732 non

585 775 690 852 sit,
720 773 1008 839 alienare
1037 783 1277 857 potest.
1365 775 1485 839 sed
1533 774 1661 839 hoc
1707 773 1980 838 forsitan
2025 774 2176 838 ideo
2212 772 2475 837 videtur
2515 771 2675 848 fieri,
2706 772 2889 854 quod

582 878 932 944 voluntate
975 878 1296 943 debitoris
1341 877 1753 960 intellegitur
1795 877 2036 960 pignus
2079 876 2385 956 alienare,
2429 877 2543 960 qui
2577 876 2665 940 ab
2702 875 2890 939 initio

585 991 965 1047 contractus
1009 989 1245 1065 pactus
1297 990 1416 1060 est,
1461 990 1537 1046 ut
1582 981 1811 1046 liceret
1854 980 2160 1046 creditori
2204 981 2447 1064 pignus
2490 978 2795 1055 vendere,
2832 976 2889 1041 si

588 1085 870 1169 pecunia
907 1104 1040 1150 non
1080 1083 1396 1150 solvatur.
1484 1084 1600 1150 sed
1653 1106 1739 1150 ne
1788 1086 2147 1150 creditores
2194 1084 2297 1148 ius
2340 1104 2533 1148 suum
2586 1079 2889 1166 persequi

587 1188 1066 1271 impedirentur
1087 1208 1302 1272 neque
1332 1187 1670 1253 debitores
1702 1197 1955 1252 temere
1982 1208 2250 1253 suarum
2281 1208 2497 1252 rerum
2521 1185 2890 1251 dominium

587 1293 894 1358 amittere
910 1293 1278 1371 videantur,
1299 1301 1524 1357 nostra
1552 1293 2027 1357 constitutione
2056 1291 2432 1357 consultum
2459 1300 2561 1356 est
2586 1300 2654 1354 et
2673 1298 2899 1370 certus·

590 1396 828 1460 modus
879 1395 1230 1479 impositus
1281 1406 1400 1474 est,
1458 1417 1578 1480 per
1630 1417 1832 1481 quem
1884 1397 2237 1480 pignorum
2284 1395 2627 1461 distractio
2680 1393 2891 1477 possit

589 1499 961 1581 procedere,
991 1498 1176 1564 cuius
1205 1507 1436 1565 tenore
1468 1499 1732 1583 utrique
1762 1500 1935 1584 parti
1974 1500 2375 1566 creditorum
2408 1509 2475 1564 et
2510 1498 2887 1562 debitorum

527 1609 564 1663 2
591 1604 752 1668 satis
791 1602 1189 1685 abundeque
1232 1603 1568 1686 provisum
1614 1613 1737 1670 est.
1826 1605 2026 1668 Nunc
2069 1603 2472 1669 admonendi
2516 1623 2745 1666 sumus
2777 1619 2892 1664 ne-

588 1727 720 1790 que
749 1706 1077 1790 pupillum
1119 1727 1333 1790 neque
1368 1707 1691 1791 pupillam
1737 1708 1944 1773 ullam
1989 1728 2131 1774 rem
2172 1709 2313 1772 sine
2342 1705 2580 1772 tutoris
2608 1703 2891 1770 auctori-

589 1819 732 1876 tate
761 1810 1050 1874 alienare
1085 1831 1299 1893 posse.
1389 1811 1675 1894 ideoque
1704 1812 1760 1875 si
1796 1821 2099 1876 mutuam
2136 1811 2484 1894 pecuniam
2526 1808 2721 1872 alicui
2750 1809 2891 1872 sine

590 1914 828 1978 tutoris
868 1915 1264 1979 auctoritate
1307 1913 1582 1990 dederit,
1631 1935 1763 1979 non
1808 1915 2136 1981 contrahit
2187 1913 2684 1998 obligationem,
2735 1911 2891 1994 quia

587 2017 939 2101 pecuniam
991 2038 1125 2082 non
1177 2017 1336 2084 facit
1387 2018 1789 2100 accipientis.
1877 2019 2160 2102 ideoque
2205 2017 2538 2083 vindicare
2583 2034 2891 2079 nummos

589 2131 888 2205 possunt,
919 2119 1128 2186 sicubi
1175 2130 1450 2187 extent:
1497 2122 1617 2186 sed
1666 2123 1721 2186 si
1762 2124 2034 2200 nummi,
2070 2143 2238 2206 quos
2274 2131 2541 2186 mutuos
2574 2119 2776 2199 dedit,
2805 2117 2891 2183 ab

591 2247 674 2290 eo
703 2226 816 2308 qui
848 2227 1102 2309 accepit
1143 2226 1320 2290 bona
1362 2225 1496 2290 fide
1548 2228 1927 2310 consumpti
1978 2236 2149 2312 sunt,
2197 2225 2453 2291 condici
2498 2234 2794 2308 possunt,
2836 2221 2891 2287 si

591 2327 770 2392 mala
798 2327 949 2405 fide,
981 2329 1069 2392 ad
1101 2327 1555 2393 exhibendum
1586 2329 1673 2394 de
1709 2329 1814 2394 his
1854 2330 1963 2414 agi
2008 2338 2254 2412 potest.
2343 2339 2414 2394 at
2444 2349 2534 2392 ex
2563 2326 2891 2392 contrario

591 2451 824 2496 omnes
865 2451 968 2496 res
1020 2431 1273 2514 pupillo
1320 2442 1389 2496 et
1435 2431 1729 2514 pupillae
1784 2433 1926 2497 sine
1977 2433 2215 2498 tutoris
2268 2433 2665 2498 auctoritate
2712 2439 2890 2496 recte

588 2534 734 2601 dari
765 2545 1062 2619 possunt.
1135 2534 1418 2620 ideoque
1449 2536 1504 2600 si
1535 2535 1799 2602 debitor
1837 2536 2093 2621 pupillo
2128 2535 2359 2613 solvat,
2392 2536 2761 2603 necessaria
2790 2544 2895 2601 est

586 2638 826 2703 tutoris
873 2640 1269 2705 auctoritas:
1337 2638 1633 2724 alioquin
1678 2661 1811 2705 non
1856 2632 2259 2705 liberabitur,
2346 2642 2465 2706 sed
2516 2642 2718 2706 etiam
2764 2638 2892 2704 hoc

589 2741 1082 2807 evidentissima
1118 2744 1375 2808 ratione
1409 2754 1738 2810 statutum
1784 2755 1886 2811 est
1932 2746 2000 2809 in
2045 2745 2535 2821 constitutione,
2567 2765 2773 2828 quam
2802 2744 2915 2807 ad.

592 2841 1454 2913 Caesareenses‘advocatos
1478 2869 1567 2912 ex
1599 2850 2025 2934 suggestione
2054 2850 2441 2915 Triboniani
2458 2850 2578 2914 viri
2598 2850 2892 2913 eminen-

585 2950 826 3015 tissimi
879 2952 1246 3034 quaestoris
1313 2953 1480 3017 sacri
1559 2953 1788 3036 palatii
1860 2954 2065 3019 nostri
2123 2953 2706 3038 promulgavimus,
2758 2973 2892 3036 qua

589 3054 986 3137 dispositum
1020 3065 1122 3121 est
1160 3058 1256 3120 ita
1285 3055 1487 3121 licere
1530 3058 1735 3121 tutori
1780 3057 1885 3122 vel
1933 3059 2218 3123 curatori
2261 3058 2633 3123 debitorem
2676 3056 2893 3140 pupil-

589 3156 796 3221 larem
835 3157 1106 3235 solvere,
1148 3168 1222 3223 ut
1267 3161 1446 3241 prius
1491 3160 1825 3225 sententia
1871 3161 2190 3225 iudicialis
2233 3163 2376 3227 sine
2420 3160 2603 3225 omni
2642 3160 2893 3224 damno

589 3259 921 3326 celebrata
957 3262 1086 3325 hoc
1117 3263 1479 3345 permittat.
1568 3284 1705 3347 quo
1745 3264 2119 3342 subsecut0,
2155 3265 2211 3328 si
2254 3273 2323 3329 et
2364 3264 2569 3328 iudex
2601 3282 2891 3345 pronun-

586 3366 852 3432 tiaverit
903 3374 973 3428 et
1023 3364 1288 3430 debitor
1345 3365 1633 3444 solverit,
1697 3368 1998 3451 sequitur
2057 3366 2435 3431 huiusmodi
2494 3365 2891 3430 solutionem

588 3467 974 3551 plenissima
1042 3469 1372 3534 securitas,
1484 3470 1584 3534 sin
1630 3480 1857 3535 autem
1922 3470 2116 3535 aliter
2177 3489 2381 3552 quam
2447 3469 2893 3550 disposuimus

591 3569 838 3634 solutio
868 3570 1044 3636 sacta
1072 3571 1270 3637 fuerit
1301 3581 1369 3636 et
1399 3573 1749 3656 pecuniam
1780 3572 2033 3638 salvam
2063 3572 2311 3638 habeat
2340 3571 2629 3655 pupillus
2657 3580 2775 3635 aut
2806 3592 2895 3635 ex

590 3693 676 3737 ea
703 3672 1097 3756 locupletior
1135 3675 1223 3739 sit
1259 3684 1328 3741 et
1373 3676 1591 3742 adhuc
1632 3678 1917 3742 eandem
1954 3696 2284 3741 summam
2324 3676 2644 3760 pecuniae
2687 3682 2895 3758 petat,

591 3795 714 3859 per
757 3778 1224 3859 exceptionem
1291 3779 1426 3843 doli
1491 3780 1649 3844 mali
1698 3780 2099 3845 summoveri
2142 3781 2424 3863 poterit:
2494 3777 2731 3863 quodsi
2778 3787 2897 3841 aut

595 3878 772 3943 male
811 3881 1292 3963 consumpserit
1329 3892 1447 3948 aut
1489 3883 1668 3951 furto
1712 3885 2026 3965 amiserit,
2072 3884 2231 3949 nihil
2279 3884 2571 3968 proderit
2612 3882 2896 3949 debitori

593 3982 732 4045 doli
766 3983 920 4047 mali
953 3986 1283 4067 exceptio,
1313 3986 1428 4050 sed
1473 3987 1677 4051 nihilo
1724 3990 1943 4053 minus
1989 3989 2429 4069 damnabitur,
2460 3989 2617 4072 quia
2646 3998 2899 4053 temere

591 4085 735 4148 sine
753 4086 990 4150 tutoris
1012 4088 1405 4154 auctoritate
1429 4099 1498 4156 et
1519 4110 1652 4154 non
1684 4092 2050 4157 secundum
2080 4101 2373 4157 nostram
2397 4092 2898 4176 dispositionem

667 4338 698 4405 ξ
726 4340 780 4391 1.
817 4338 933 4392 For
954 4339 1053 4395 the
1077 4356 1268 4410 power
1291 4340 1355 4395 of
1375 4342 1494 4397 sale
1526 4340 1583 4396 in
1617 4359 1654 4397 a
1687 4342 1893 4413 pignus
1927 4344 2045 4399 and
2069 4344 2156 4399 for
2176 4343 2507 4415 Justinian's
2531 4362 2657 4401 own
2682 4344 2899 4414 regula-

591 4420 745 4479 tions
771 4420 1006 4477 thereon
1033 4439 1131 4478 see
1159 4424 1445 4480 Excursus
1474 4426 1555 4479 11.
1581 4425 1679 4482 inf.

667 4506 698 4576 ᾗ
725 4508 785 4563 2.
823 4506 938 4563 For
961 4506 1060 4565 the
1083 4506 1368 4579 necessity
1391 4508 1458 4563 of
1474 4508 1573 4565 the
1597 4508 1922 4579 guardian’s
1946 4510 2255 4569 auctoritas
2282 4511 2339 4567 in
2366 4511 2579 4569 certain
2605 4512 2816 4569 classes
2842 4510 2908 4568 of
