3230 5116
335 432 437 481 -m
468 425 547 493 ⁶]
1119 425 1241 480 DE
1282 425 1820 485 ACTJONJBUS.
2515 434 2642 508 537

334 610 509 672 quae
554 590 621 654 in
668 610 1015 672 personam
1061 601 1231 670 sunt,
1275 591 1403 656 hae
1446 593 1716 674 quidem
1763 613 1936 676 quae
1980 613 2066 656 ex
2113 601 2452 658 contractu
2493 614 2643 660 nas-

337 703 577 758 cuntur
633 694 771 757 sere
830 715 1062 758 omnes
1116 697 1207 758 rei
1260 699 1759 779 persequendae
1819 717 2018 760 causa
2069 708 2490 780 comparatae
2549 699 2646 761 vi-

337 799 616 861 dentur:
675 798 879 862 veluti
932 799 1171 881 quibus
1225 811 1524 864 mutuam
1574 802 1922 882 pecuniam
1975 800 2083 864 vel
2134 801 2202 863 in
2255 801 2643 884 stipulatum

339 901 699 964 deductam
732 904 899 984 petit
934 913 1135 978 actor,
1169 905 1328 968 item
1371 905 1797 982 commodati,
1839 905 2141 986 depositi,
2176 905 2486 983 mandati,
2525 925 2648 986 pro

342 1005 539 1082 socio,
591 1027 679 1069 ex
725 1016 953 1088 empto
996 1007 1284 1082 vendit0,
1333 1007 1553 1072 locato
1598 1008 1945 1072 conduct0.
2021 1008 2220 1091 plane
2263 1010 2315 1072 si
2361 1009 2644 1091 depositi

340 1121 579 1192 agetur
624 1131 703 1173 eo
752 1112 1035 1185 nomine,
1092 1112 1268 1193 quod
1322 1111 1652 1175 tumultus
1704 1111 1985 1176 incendii
2042 1112 2266 1175 ruinae
2325 1111 2646 1195 naufragii

341 1233 539 1276 causa
586 1214 962 1296 depositum
1008 1215 1111 1292 sit,
1157 1216 1222 1276 in
1268 1215 1544 1297 duplum
1596 1215 1926 1279 actionem
1983 1225 2250 1298 praetor
2301 1216 2534 1291 reddit,
2590 1215 2648 1278 si

344 1319 548 1381 modo
579 1337 725 1381 cum
760 1319 905 1400 ipso
928 1319 1106 1400 apud
1137 1339 1336 1401 quern
1368 1319 1751 1402 depositum
1782 1320 1868 1384 sit
1905 1330 2021 1384 aut
2051 1340 2200 1382 curn
2233 1317 2476 1383 herede
2508 1320 2646 1382 eius

343 1441 431 1484 ex
463 1421 621 1485 dolo
651 1423 855 1504 ipsius
884 1424 1134 1505 agitur:
1181 1442 1499 1504 quo-casu
1532 1424 1748 1487 mixta
1779 1432 1880 1488 est
1911 1423 2102 1486 actio,
2166 1423 2277 1486 Ex
2311 1422 2647 1486 maleficiis
2676 1425 2743 1478 18

340 1547 497 1589 vero
556 1528 858 1608 proditae
922 1527 1219 1590 actiones
1277 1526 1445 1590 aliae
1513 1537 1775 1591 tantum
1837 1548 2092 1609 poenae
2157 1527 2648 1609 persequendae

344 1649 541 1693 causa
600 1640 1023 1712 comparatae
1082 1641 1253 1705 sunt,
1304 1631 1471 1694 aliae
1531 1640 1670 1696 tam
1728 1652 1985 1713 poenae
2037 1651 2237 1713 quam
2289 1632 2378 1693 rei
2428 1651 2650 1713 perse-

338 1733 641 1815 quendae
686 1743 754 1798 et
798 1734 886 1796 ob
930 1734 999 1797 id
1046 1735 1297 1798 mixtae
1344 1744 1513 1798 sunt.
1589 1756 1873 1817 poenam
1921 1746 2182 1799 tantum
2229 1734 2646 1816 persequitur

347 1838 494 1918 quis
538 1838 797 1901 actione
842 1837 1031 1900 furti:
1084 1839 1220 1902 sive
1257 1839 1430 1901 enim
1478 1837 1806 1902 manifesti
1852 1847 2088 1922 agatur
2115 1837 2466 1921 quadrupli
2510 1839 2648 1902 sive

348 1961 468 2004 nec
523 1940 849 2004 manifesti
895 1941 1099 2024 dupli,
1152 1943 1237 2006 de
1284 1941 1425 2006 sola
1465 1962 1682 2024 poena
1725 1943 1982 2024 agitur:
2045 1961 2199 2004 nam
2252 1942 2464 2023 ipsam
2510 1961 2648 2006 rern

348 2044 609 2126 propria
638 2045 901 2109 actione
937 2046 1349 2128 persequitur
1378 2047 1540 2128 quiS,
1575 2046 1642 2109 id
1676 2055 1776 2108 est
1817 2065 2005 2108 suam
2046 2065 2190 2107 esse
2227 2054 2478 2125 petenS,
2513 2045 2651 2106 sive

346 2147 451 2211 fur
495 2149 634 2230 ipse
682 2168 829 2212 earn
875 2169 1013 2214 rem
1064 2150 1417 2233 possideat,
1466 2151 1602 2212 sive
1647 2148 1817 2213 alius
1860 2146 2173 2230 quilibet:
2234 2168 2314 2210 eo
2365 2146 2650 2229 amplius

347 2253 659 2315 adversus
705 2254 915 2316 furem
963 2255 1163 2318 etiam
1210 2253 1539 2318 condictio
1583 2263 1685 2317 est
1728 2253 1840 2315 rei.
1933 2250 2017 2315 Vi
2055 2260 2280 2314 autem
2324 2249 2649 2316 bonorum
2681 2259 2747 2314 19

348 2366 687 2438 raptorum
740 2359 915 2422 actio
969 2358 1187 2422 mixta
1237 2365 1355 2430 est,
1410 2358 1563 2438 quia
1611 2356 1676 2420 in
1725 2352 2096 2439 quadruplo
2145 2355 2236 2421 rei
2281 2355 2651 2438 persecutio

348 2461 737 2536 continetur,
770 2481 985 2542 poena
1016 2473 1241 2525 autem
1272 2460 1450 2543 tripli
1482 2471 1604 2525 est.
1681 2460 1799 2523 sed
1831 2469 1897 2523 et
1935 2458 2099 2541 legis
2130 2458 2444 2540 Aquiliae
2476 2459 2650 2522 actio

347 2564 433 2627 de
479 2565 727 2629 damno
781 2568 995 2630 mixta
1043 2576 1161 2643 est,
1216 2587 1348 2629 non
1398 2564 1614 2629 solum
1663 2565 1718 2628 si
1772 2565 2086 2629 adversus
2134 2563 2525 2627 infitiantem
2586 2564 2649 2625 in

346 2667 622 2749 duplum
668 2679 919 2753 agatur,
953 2671 1068 2734 sed
1117 2671 1445 2734 interdum
1493 2678 1559 2733 et
1605 2670 1657 2731 si
1707 2669 1772 2732 in
1819 2667 2131 2750 simplum
2169 2667 2448 2750 quisque
2490 2666 2651 2749 agit.

347 2771 550 2835 veluti
582 2774 637 2837 si
678 2774 825 2855 quis
868 2773 1205 2837 hominem
1253 2773 1559 2837 claudum
1602 2782 1718 2836 aut
1765 2769 2020 2835 luscum
2067 2771 2396 2845 occiderit,
2428 2771 2540 2852 qui
2583 2771 2649 2833 in

350 2895 430 2937 eo
461 2895 637 2938 anno
682 2878 938 2959 integer
968 2886 1035 2939 et
1077 2879 1299 2960 magni
1330 2878 1523 2959 pretii
1559 2876 1791 2940 fuerit:
1837 2876 2003 2939 tanti
2053 2874 2227 2937 enim
2278 2874 2649 2947 damnatur,

349 2980 577 3060 quanti
608 2980 662 3041 is
702 2979 905 3042 homo
947 2981 1012 3041 in
1056 3002 1134 3043 eo
1174 3000 1347 3044 anno
1393 2981 1657 3063 plurimi
1697 2979 1911 3057 fuerit,
1944 2979 2304 3041 secundum
2351 2975 2483 3039 iam
2523 2986 2652 3039 tra-

349 3081 559 3145 ditam
590 3084 999 3147 divisionem.
1076 3084 1233 3147 item
1268 3084 1482 3148 mixta
1514 3092 1612 3146 est
1645 3083 1818 3147 actio
1861 3091 2088 3145 contra
2119 3100 2251 3157 eOS‚
2281 3080 2392 3162 qui
2427 3079 2652 3143 relicta

350 3188 785 3249 sacrosanctis
837 3185 1126 3250 ecclesiis
1178 3187 1283 3251 vel
1342 3187 1486 3251 aliis
1538 3186 2023 3250 venerabilibus
2079 3184 2238 3247 locis
2303 3182 2501 3263 legati
2546 3181 2653 3247 vel

350 3288 837 3353 fideicommissi
869 3292 1134 3354 nomine
1180 3292 1337 3355 dare
1377 3291 1748 3355 distulerint
1786 3309 1992 3372 usque
2029 3288 2216 3365 adeo,
2247 3296 2318 3350 ut
2352 3288 2552 3349 etiam
2587 3286 2654 3348 in

350 3394 661 3457 iudicium
693 3404 1111 3457 vocarentur:
1160 3406 1317 3458 tunc
1350 3395 1595 3459 etenim
1629 3404 1695 3458 et
1737 3394 1948 3476 ipsam
1983 3412 2121 3455 rem
2157 3390 2260 3453 vel
2305 3392 2654 3472 pecuniam

351 3518 521 3579 quae
552 3498 776 3561 relicta
809 3507 909 3561 est
940 3500 1098 3561 dare
1128 3499 1612 3581 compelluntur
1644 3509 1711 3562 et
1753 3498 1932 3561 aliud
1973 3505 2234 3561 tantum
2270 3514 2390 3577 pro
2420 3515 2653 3577 poena,

350 3612 415 3665 et
447 3602 597 3666 ideo
628 3602 693 3665 in
725 3602 1003 3684 duplum
1037 3604 1175 3666 eius
1207 3603 1281 3666 fit
1314 3603 1804 3667 condemnatiO.

353 3807 741 3879 persequimur
764 3808 917 3880 quod
944 3826 1012 3863 ex
1036 3807 1377 3878 patrimonio
1403 3808 1566 3862 abest
1582 3809 1596 3835 '
1624 3806 1756 3875 Dig.
1777 3821 1866 3873 44.
1886 3820 1936 3874 7.
1959 3818 2024 3875 35
2053 3826 2066 3871 ;
2101 3805 2239 3872 they
2257 3821 2353 3859 are
2379 3800 2657 3872 designed

355 3891 565 3959 merely
590 3902 649 3945 to
674 3890 894 3946 redress
921 3891 1037 3946 and
1070 3892 1237 3947 make
1263 3891 1582 3961 reparation
1619 3891 1705 3945 sor
1727 3892 1825 3945 the
1851 3907 2044 3959 wrong
2079 3889 2155 3958 by
2181 3886 2365 3942 which
2400 3888 2535 3955 they
2559 3902 2656 3939 are

356 3974 537 4027 called
578 3973 696 4028 into
732 3974 1039 4043 operation.
1118 3977 1232 4029 For
1266 3974 1587 4045 depositum
1612 3970 1936 4028 miserabile
1973 3990 2070 4027 see
2095 3989 2152 4041 p.
2179 3972 2284 4040 384
2305 3986 2455 4039 supr.
2530 3969 2657 4021 The

358 4058 706 4111 contractual
742 4057 891 4111 actio
925 4057 1294 4113 redhibitoria
1322 4060 1397 4128 (p.
1416 4074 1483 4126 42
1489 4074 1521 4126 3
1544 4056 1720 4128 supr.)
1748 4075 1862 4111 was
1885 4058 2006 4110 also
2032 4056 2218 4125 penal‚
2239 4054 2371 4123 Dig.
2391 4068 2474 4105 21.
2505 4066 2548 4104 1.
2568 4063 2656 4120 45,

358 4140 471 4195 and
498 4158 563 4195 so
588 4150 684 4195 too
710 4158 825 4195 was
851 4142 945 4195 the
972 4140 1160 4195 action
1186 4141 1346 4212 quasi
1374 4159 1441 4196 ex
1467 4150 1759 4195 contractu
1786 4140 2004 4211 spoken
2031 4138 2097 4193 of
2115 4138 2172 4192 in
2201 4134 2228 4208 ξ
2266 4151 2329 4206 19
2354 4135 2429 4190 ad
2456 4135 2551 4188 fin.

430 4224 459 4295 ξ
488 4229 579 4279 18.
622 4226 735 4279 For
759 4225 855 4280 the
880 4223 1030 4279 actio
1057 4224 1185 4279 furti
1211 4242 1307 4279 see
1332 4241 1385 4294 p.
1420 4238 1517 4294 505
1546 4241 1696 4293 supr.

430 4308 458 4380 ξ
486 4311 574 4363 19.
618 4310 731 4362 For
754 4309 851 4363 the
879 4306 1127 4362 ‘mixed'
1152 4309 1444 4362 character
1482 4307 1547 4361 of
1574 4308 1671 4361 the
1710 4305 1930 4387 actions
1969 4322 2044 4359 on
2078 4303 2131 4358 vi
2171 4305 2324 4359 bona
2354 4310 2518 4370 rapta
2542 4297 2659 4353 and

356 4394 627 4449 damnum
674 4391 875 4446 iniuria
914 4392 1109 4446 datum
1152 4393 1222 4445 cf.
1258 4391 1369 4445 Tit.
1404 4406 1455 4445 2.
1490 4407 1589 4460 pr„
1619 4390 1730 4445 Tit.
1758 4404 1806 4458 3.
1835 4405 1870 4458 9
1907 4406 2057 4459 supr.
2103 4387 2218 4442 and
2262 4396 2443 4440 notes.
2533 4384 2659 4437 The

357 4480 522 4533 latter
558 4476 743 4531 would
785 4476 859 4529 be
898 4476 1109 4545 merely
1143 4474 1224 4529 rei
1268 4473 1652 4545 persecutoria
1693 4473 1740 4527 if
1771 4474 1868 4527 the
1906 4471 2214 4527 defendant
2253 4466 2531 4523 admitted
2569 4464 2658 4520 his

356 4560 595 4632 liability
621 4560 677 4615 in
713 4561 808 4615 the
842 4559 1091 4615 abstract
1120 4556 1171 4629 (ξ
1201 4559 1270 4612 26
1296 4557 1434 4627 int),
1460 4557 1555 4613 the
1592 4555 1862 4612 iudicium
1894 4554 2068 4625 being
2093 4553 2270 4621 solely
2295 4551 2381 4605 sor
2405 4549 2502 4605 the
2527 4565 2656 4619 pur-
