3230 5116
356 425 462 474 Tit.
489 419 594 484 16.]
827 416 949 472 DE
991 417 1457 474 PUPILLARI
1491 418 1542 472 S
1549 417 1707 473 UBS
1713 419 1767 472 T
1760 419 1801 474 I
1802 419 1856 472 T
1860 419 1972 474 UT
1966 419 2197 475 IONE.
2542 410 2663 474 261

353 579 647 646 admitti.
737 580 812 646 Si
859 601 1118 645 servum
1162 580 1450 646 alienum
1496 582 1646 666 quis
1684 593 1945 666 patrem
1988 583 2272 648 familias
2313 583 2669 652 arbitratus
2694 589 2731 642 4

353 687 674 752 heredem
711 687 1044 770 scripserit
1092 696 1180 762 et,
1211 687 1266 751 si
1310 687 1500 752 heres
1541 709 1673 754 non
1716 699 1907 767 esset,
1940 689 2277 754 Maevium
2320 691 2378 754 ei
2425 691 2667 758 substi-

354 792 561 855 tuerit
591 791 780 874 isque
815 811 1042 854 servus
1081 791 1260 855 iussu
1303 792 1555 856 domini
1595 794 1833 858 adierit
1878 793 2335 872 hereditatem,
2366 794 2669 860 Maevius

355 893 428 958 in
459 904 720 978 partem
751 895 1148 960 admittitur.
1218 895 1332 960 illa
1363 897 1539 960 enim
1569 897 1771 961 verba
1805 898 1891 961 ‘si
1921 896 2113 962 heres
2142 917 2273 960 non
2306 897 2457 963 erit’
2488 899 2553 962 in
2585 919 2667 963 eo

351 999 651 1081 quidem,
677 1019 882 1080 quern
913 999 1132 1062 alieno
1162 999 1284 1062 iuri
1321 1000 1691 1064 subiectum
1723 1021 1866 1065 esse
1904 1010 2185 1066 testator
2213 1001 2354 1077 scit,
2374 1001 2468 1066 sic
2498 1005 2667 1067 acci-

353 1103 659 1184 piuntur:
689 1103 745 1165 si
769 1121 984 1184 neque
1007 1103 1151 1184 ipse
1173 1101 1366 1167 heres
1390 1105 1512 1169 erit
1531 1124 1749 1188 neque
1772 1103 1972 1169 alium
1996 1104 2311 1168 heredem
2336 1104 2625 1169 effecerit
2650 1131 2665 1170 ε

353 1208 424 1270 in
465 1227 548 1270 eo
577 1227 751 1284 ver0,
785 1227 984 1289 quem
1027 1218 1286 1289 patrem
1329 1207 1612 1272 familias
1654 1229 1798 1272 esse
1842 1208 2211 1288 arbitratur,
2252 1208 2414 1274 illud
2462 1211 2663 1294 signi-

351 1311 600 1375 ficant:
661 1312 714 1375 si
767 1311 1208 1376 hereditatem
1260 1313 1385 1376 sibi
1431 1313 1591 1388 eive,
1648 1316 1829 1379 cuius
1877 1315 2000 1378 iuri
2048 1324 2281 1397 postea
2333 1314 2665 1379 subiectus

353 1436 504 1480 esse
533 1417 840 1498 coeperit,
879 1437 1012 1480 non
1062 1418 1466 1500 adquisierit.
1555 1418 1756 1503 idque
1797 1419 2102 1484 Tiberius
2144 1417 2393 1484 Caesar
2421 1420 2486 1484 in
2516 1439 2667 1502 per-

351 1542 520 1586 sona
551 1519 883 1586 Parthenii
913 1523 1084 1588 servi
1114 1524 1214 1586 sui
1245 1524 1606 1589 constituit.

1415 1763 1610 1828 XVI.

904 1942 1005 1992 DE
1053 1941 1452 1994 PUPILLARI
1498 1939 2111 1993 sUBsT1TuT10Nss.

443 2091 702 2156 Liberis
731 2091 866 2156 suis
896 2090 1368 2175 impuberibuS,
1396 2111 1566 2175 quos
1604 2092 1673 2155 in
1718 2102 2053 2175 potestate
2086 2093 2233 2176 quis
2278 2092 2499 2172 habet,
2531 2113 2663 2158 non

350 2195 571 2261 solum
603 2199 696 2262 ita
728 2207 801 2261 ut
831 2218 1029 2281 supra
1051 2198 1348 2262 diximus
1377 2197 1777 2263 substituere
1808 2208 2047 2281 potest,
2064 2198 2131 2262 id
2164 2208 2267 2262 est
2288 2207 2378 2275 ut,
2393 2198 2448 2262 si
2476 2197 2667 2263 here-

351 2304 476 2365 des
505 2303 567 2366 ei
597 2322 730 2365 non
762 2303 1126 2379 extiterint,
1150 2303 1320 2366 alius
1349 2303 1408 2366 ei
1441 2301 1526 2366 sit
1555 2303 1765 2378 hereS,
1797 2303 1915 2367 sed
1957 2325 2038 2368 eo
2067 2303 2353 2386 amplius
2381 2314 2457 2369 ut
2486 2313 2573 2382 et,
2609 2305 2665 2367 si

349 2407 632 2471 heredes
663 2407 722 2470 ei
753 2408 1098 2472 extiterint
1130 2416 1197 2471 et
1227 2406 1444 2472 adhuc
1477 2409 1855 2490 impuberes
1886 2411 2127 2475 mortui
2156 2409 2416 2484 fuerint,
2448 2409 2535 2474 sit
2572 2409 2665 2473 eis

347 2511 591 2595 aliquis
632 2510 843 2577 hereS.
929 2511 1137 2577 veluti
1189 2512 1244 2576 si
1297 2512 1444 2596 quis
1488 2511 1668 2579 dicat
1713 2512 1840 2578 hoc
1886 2515 2129 2579 modo:
2187 2513 2439 2579 ‘Titius
2492 2512 2666 2578 filius

352 2638 544 2681 meus
572 2615 764 2681 heres
795 2617 956 2681 mihi
987 2628 1132 2683 esto
1160 2643 1176 2681 :
1222 2618 1276 2681 si
1307 2616 1480 2681 filius
1527 2638 1715 2682 meus
1756 2617 1947 2683 heres
1988 2620 2148 2683 mihi
2190 2640 2321 2685 non
2356 2620 2496 2695 erit,
2528 2620 2666 2683 sive

350 2721 544 2786 heres
589 2722 711 2786 erit
753 2730 824 2785 et
868 2724 1051 2804 prius
1101 2722 1434 2797 moriatur,
1480 2743 1685 2805 quam
1741 2724 1807 2786 in
1853 2744 2043 2789 suam
2089 2724 2369 2789 tutelam
2409 2724 2665 2788 venerit

351 2824 449 2911 (id
481 2836 582 2890 est
611 2827 822 2909 pubes
863 2827 1074 2891 factus
1109 2822 1245 2912 sit),
1277 2836 1434 2891 tunc
1482 2825 1679 2891 Seius
1722 2826 1915 2891 heres
1959 2828 2141 2892 est0.’
2229 2848 2363 2912 quo
2405 2847 2560 2891 casu
2608 2828 2662 2892 si

351 2930 622 3012 quidem
672 2950 804 2993 non
855 2931 1152 2995 extiterit
1197 2931 1390 2994 heres
1443 2930 1635 3005 filius,
1690 2940 1849 2995 tunc
1900 2931 2302 2996 substitutus
2354 2930 2521 3013 patri
2588 2929 2665 2994 fit

349 3034 579 3099 heres:
627 3036 681 3098 si
716 3056 874 3099 vero
914 3036 1211 3101 extiterit
1241 3035 1435 3100 heres
1468 3034 1639 3099 filius
1680 3046 1749 3101 et
1794 3044 1951 3099 ante
1982 3035 2405 3118 pubertatem
2436 3034 2663 3098 deces-

351 3142 526 3214 serit,
560 3140 681 3223 ipsi
711 3140 850 3205 filio
893 3140 970 3205 fit
1009 3140 1204 3206 heres
1243 3142 1661 3206 substitutus.
1751 3160 1907 3204 nam
1950 3140 2241 3203 moribus
2282 3140 2659 3204 institutum

351 3251 472 3321 est,
517 3252 610 3320 ut,
657 3264 809 3309 cum
857 3246 998 3309 eius
1041 3247 1282 3310 aetatis
1325 3253 1498 3325 sunt,
1543 3244 1610 3307 in
1656 3264 1790 3326 qua
1834 3244 1960 3327 ipsi
2007 3244 2131 3308 sibi
2184 3252 2659 3308 testamentum

348 3477 488 3532 then
531 3478 594 3548 C,
631 3478 682 3533 if
699 3480 752 3532 A
776 3478 891 3533 and
921 3480 967 3532 B
992 3479 1132 3534 both
1160 3479 1303 3549 drop
1329 3489 1444 3542 out,
1464 3488 1591 3549 gets
1620 3479 1713 3533 B's
1739 3478 1905 3533 share
1928 3486 2029 3533 not
2055 3478 2189 3547 only
2213 3494 2278 3533 as
2305 3476 2660 3545 substitutus,

348 3561 450 3616 but
475 3562 598 3617 also
623 3580 688 3617 as
715 3562 1019 3619 institutus.

423 3646 538 3699 For
578 3647 677 3701 the
720 3646 980 3717 question
1022 3646 1274 3701 whether
1312 3662 1348 3701 a
1381 3646 1579 3715 vulgar
1612 3662 1729 3701 was
1772 3644 2007 3715 implied
2047 3642 2105 3700 in
2144 3662 2179 3700 a
2217 3644 2496 3716 pupillary
2530 3646 2661 3700 sub-

347 3728 605 3784 stitution
655 3746 752 3785 see
799 3731 905 3784 Mr.
939 3730 1154 3785 Poste's
1190 3739 1325 3784 note
1364 3746 1439 3784 on
1480 3728 1659 3784 Gaius
1702 3728 1758 3784 ii.
1803 3741 1916 3797 179.
1996 3730 2083 3783 M.
2110 3728 2373 3783 Aurelius
2417 3728 2661 3783 enacted

347 3813 472 3867 that
510 3814 654 3868 each
695 3814 901 3869 should
949 3814 1022 3869 be
1071 3813 1303 3883 implied
1344 3812 1403 3867 in
1443 3814 1542 3867 the
1581 3814 1780 3868 other:
1833 3812 1848 3841 ‘
1868 3811 1983 3867 iam
2030 3812 2137 3866 hoc
2180 3812 2301 3867 iure
2338 3812 2549 3867 utimur
2589 3830 2661 3868 ex

349 3898 426 3950 D.
455 3896 638 3951 Marci
663 3907 721 3952 et
748 3896 942 3953 Severi
968 3897 1388 3967 constitutione,
1407 3906 1469 3951 ut
1494 3913 1669 3967 quum
1693 3906 1857 3967 pater
1890 3895 2168 3967 impuberi
2194 3895 2309 3950 filio
2334 3894 2393 3949 in
2419 3896 2659 3951 alterum

347 3996 546 4035 casum
565 3980 966 4051 substituisset,
985 3980 1044 4035 in
1065 3990 1364 4052 utrumque
1385 3998 1582 4036 casum
1598 3978 1959 4035 substituisse
1978 3979 2351 4049 intellegatur,
2366 3979 2487 4035 sive
2514 3979 2658 4034 filius

347 4064 515 4119 heres
539 4080 654 4118 non
679 4063 941 4133 extiterit,
968 4064 1088 4119 sive
1112 4064 1358 4120 extiterit
1383 4073 1442 4119 et
1465 4062 1729 4134 impubes
1754 4062 2064 4119 decesserit
2081 4064 2094 4091 '
2121 4062 2255 4133 Dig.
2283 4063 2365 4117 28.
2392 4062 2445 4117 6.
2470 4077 2524 4130 4.

423 4144 452 4217 ξ
479 4149 536 4201 4.
579 4147 639 4202 If
654 4147 696 4202 it
721 4147 890 4202 could
925 4147 1000 4203 be
1036 4147 1253 4217 proved
1289 4148 1415 4202 that
1452 4147 1550 4202 the
1587 4156 1828 4201 testator
1853 4145 2038 4201 would
2062 4155 2163 4201 not
2189 4147 2336 4200 have
2362 4145 2658 4201 instituted

346 4231 447 4285 the
481 4230 700 4286 alienus
737 4247 950 4301 servus,
985 4230 1103 4285 had
1138 4231 1212 4286 he
1250 4231 1458 4285 known
1497 4229 1588 4284 bis
1632 4230 1819 4285 actual
1864 4228 2173 4299 condition,
2203 4230 2302 4285 the
2338 4228 2657 4286 institution

346 4330 464 4368 was
487 4314 639 4383 void,
665 4316 780 4370 and
805 4315 902 4370 the
926 4314 1228 4371 substitute
1254 4314 1390 4369 took
1416 4314 1508 4383 all,
1537 4314 1681 4369 Cod.
1706 4313 1759 4367 6.
1785 4325 1869 4379 24
1898 4327 1951 4381 3.

419 4400 540 4453 wit.
563 4400 744 4453 xv1.
781 4397 1122 4455 Substitutio
1159 4398 1469 4469 pupillaris,
1511 4397 1627 4452 like
1668 4398 1767 4451 the
1810 4396 1961 4467 right
2008 4396 2077 4450 of
2107 4394 2442 4467 appointing
2484 4404 2659 4450 testa-

346 4491 608 4551 mentary
639 4482 948 4551 guardians
983 4492 1045 4537 to
1081 4484 1238 4537 one’s
1276 4498 1402 4537 own
1439 4480 1784 4537 filiifamilias
1822 4480 2005 4534 under
2028 4479 2125 4535 the
2162 4496 2269 4548 age
2304 4477 2369 4531 of
2396 4478 2655 4548 puberty,

346 4580 464 4620 was
489 4582 525 4621 a
547 4582 686 4635 pure
711 4576 974 4622 outcome
1001 4565 1066 4622 of
1081 4566 1268 4638 patria
1298 4576 1572 4638 potestaS,
1598 4564 1731 4635 and,
1758 4580 1823 4619 as
1846 4562 2129 4634 justinian
2154 4562 2281 4618 tells
2306 4576 2373 4616 us
2400 4561 2552 4630 here,
2577 4577 2653 4615 an
