3230 5116
553 338 682 409 524
958 332 1107 388 INS
1115 332 1252 387 TIT
1259 332 1368 387 UT
1368 331 1661 388 IONUM
1698 329 1936 385 LIBRI
1972 329 2445 402 QUATTUOR.
2629 332 2763 399 [Lib.
2784 333 2885 385 IV.

553 508 702 561 acta
732 496 851 561 sit:
897 494 1003 560 vel
1042 517 1129 560 ex
1167 516 1466 579 persona,
1505 496 1709 559 veluti
1740 494 1793 558 si
1844 496 2265 578 magistratus
2296 495 2597 559 iniuriam
2630 514 2879 577 passus

556 602 766 679 fuerit,
802 600 907 664 vel
955 602 1008 664 si
1053 602 1338 665 senatori
1385 602 1470 663 ab
1515 599 1750 662 humili
1798 600 2029 662 iniuria
2074 599 2249 664 facta
2288 602 2392 677 sit,
2436 610 2553 663 aut
2603 598 2878 680 parenti

559 716 970 788 patronoque
1017 704 1132 768 fiat
1173 726 1214 768 a
1255 704 1474 768 liberis
1516 702 1622 767 vel
1662 704 1954 767 libertis:
2000 703 2191 766 aliter
2221 704 2399 767 enim
2436 703 2759 767 senatoris
2802 713 2879 766 et

559 810 850 891 parentis
881 808 1294 891 patronique,
1327 808 1518 871 aliter
1549 808 1847 871 extranei
1879 817 1947 871 et
1984 807 2252 870 humilis
2286 826 2604 890 personae
2634 807 2878 870 iniuria

559 911 966 975 aestimatur.
1058 932 1556 994 nonnumquam
1596 920 1665 975 et
1706 910 1887 974 locus
1917 910 2205 974 vulneris
2236 922 2531 975 atrocem
2564 910 2875 973 iniuriam

560 1015 736 1093 facit,
765 1015 968 1079 veluti
1001 1015 1054 1079 si
1088 1016 1154 1079 in
1183 1016 1376 1080 oculo
1407 1016 1554 1097 quis
1597 1036 1943 1097 percussus
1972 1017 2077 1079 sit.
2166 1016 2348 1097 parvi
2395 1026 2617 1078 autem
2650 1014 2873 1086 refert,

564 1130 784 1183 utrum
833 1120 1001 1202 patri
1049 1118 1330 1182 familias
1379 1138 1463 1181 an
1517 1118 1654 1182 filio
1703 1119 1986 1181 familias
2038 1118 2192 1183 talis
2240 1119 2473 1181 iniuria
2524 1118 2699 1181 sacta
2742 1118 2871 1180 sit:

469 1230 537 1287 10
565 1243 719 1286 nam
770 1233 837 1286 et
885 1222 1049 1286 haec
1101 1232 1296 1285 atrox
1349 1222 1826 1286 aestimabitur.
1938 1222 2019 1284 In
2070 1242 2330 1285 summa
2376 1222 2715 1285 sciendum
2767 1230 2876 1283 est

463 1380 472 1389 .
564 1329 650 1391 de
704 1328 886 1389 omni
939 1328 1171 1389 iniuria
1220 1347 1372 1391 eum
1422 1327 1534 1409 qui
1595 1346 1831 1409 passus
1883 1338 1985 1393 est
2045 1346 2238 1409 posse
2290 1327 2395 1390 vel
2447 1326 2877 1389 criminaliter

564 1451 762 1513 agere
791 1430 896 1494 vel
928 1432 1221 1494 civiliter.
1312 1442 1379 1495 et
1420 1434 1473 1495 si
1516 1430 1788 1515 quidem
1820 1431 2099 1495 civiliter
2124 1442 2377 1513 agatur,
2404 1430 2878 1494 aestimatione

564 1535 743 1598 sacta
773 1536 1138 1599 secundum
1171 1537 1350 1618 quod
1384 1538 1637 1601 dictum
1662 1546 1764 1601 est
1796 1556 2009 1618 poena
2040 1536 2421 1618 imponitur.
2511 1536 2612 1597 sin
2640 1545 2873 1600 autem

566 1639 1005 1715 criminaliter,
1039 1640 1251 1704 officio
1282 1641 1514 1705 iudicis
1544 1641 2067 1704 extraordinaria
2100 1661 2315 1721 poena
2352 1661 2463 1703 reo
2506 1640 2873 1722 irrogatur:

564 1743 692 1807 hoc
751 1744 1058 1807 videlicet
1117 1746 1554 1821 observand0,
1615 1746 1797 1828 quod
1872 1745 2257 1808 Zenoniana
2325 1745 2711 1809 constitutio
2772 1746 2877 1807 in-

564 1846 885 1924 troduxit,
946 1856 1020 1911 ut
1088 1848 1206 1911 viri
1276 1848 1562 1913 illustres
1628 1850 1875 1932 quique
1944 1868 2145 1931 supra
2216 1868 2330 1912 eos
2400 1857 2555 1912 sunt
2626 1857 2693 1911 et
2754 1868 2877 1930 per

567 1962 1022 2033 procuratores
1091 1953 1346 2035 possint
1426 1955 1755 2017 actionem
1824 1953 2201 2015 iniuriarum
2272 1952 2695 2015 criminaliter
2764 1952 2877 2013 vel

568 2056 870 2139 persequi
917 2056 1019 2120 vel
1069 2058 1398 2140 suscipere
1451 2059 1815 2121 secundum
1871 2057 2011 2119 eius
2057 2066 2378 2134 tenorem,
2422 2057 2535 2139 qui
2588 2078 2675 2119 ex
2726 2056 2877 2138 ipsa

431 2162 446 2177 ⁶
477 2168 538 2223 11
571 2159 978 2223 manifestius
1008 2171 1302 2242 apparet.
1394 2162 1551 2224 Non
1583 2161 1802 2225 solum
1838 2171 2065 2223 autem
2106 2160 2161 2223 is
2204 2161 2579 2223 iniuriarum
2609 2167 2879 2223 tenetur

568 2265 682 2344 qui
727 2264 880 2326 fecit
928 2264 1246 2341 iniuriam,
1292 2265 1419 2328 hoc
1464 2277 1567 2330 est
1613 2266 1726 2348 qui
1773 2264 2127 2348 percussit:
2182 2285 2409 2328 verum
2454 2264 2564 2327 ille
2604 2284 2879 2346 quoque

571 2367 1029 2442 continebitur,
1063 2369 1174 2449 qui
1207 2369 1364 2433 dolo
1394 2370 1548 2434 fecit
1576 2370 1685 2433 vel
1728 2370 1839 2451 qui
1882 2370 2149 2446 curavit,
2177 2380 2255 2433 ut
2296 2369 2401 2431 cui
2434 2368 2608 2431 mala
2646 2388 2877 2450 pugno

476 2486 541 2541 12
571 2480 1040 2552 percuteretur.
1133 2472 1324 2536 Haec
1379 2474 1554 2537 actio
1609 2473 2135 2537 dissimulatione
2182 2472 2523 2536 aboletur:
2583 2481 2651 2535 et
2704 2471 2879 2547 iden,

569 2575 622 2638 si
657 2574 804 2656 quis
837 2575 1136 2638 iniuriam
1169 2576 1609 2659 dereliquerit,
1640 2577 1766 2640 hoc
1800 2588 1900 2641 est
1931 2577 2160 2640 statim
2193 2597 2426 2659 passus
2462 2577 2547 2640 ad
2581 2577 2877 2638 animum

571 2698 762 2740 suurn
789 2699 920 2740 non
947 2682 1363 2758 revocaverit,
1386 2693 1619 2764 postea
1653 2702 1741 2745 ex
1765 2681 2173 2764 paenitentia
2200 2681 2540 2744 remissam
2574 2678 2877 2743 iniuriam

571 2803 704 2846 non
735 2783 980 2865 poterit
1013 2784 1311 2849 recolere.

645 3073 673 3140 §
703 3075 794 3127 10.
835 3072 1106 3129 Criminal
1143 3073 1503 3144 prosecution
1544 3075 1609 3129 of
1645 3074 1850 3129 iniuria
1888 3092 2002 3130 was
2042 3084 2143 3130 not
2182 3074 2363 3129 under
2398 3091 2510 3144 any
2543 3072 2878 3142 recognised

571 3155 840 3210 iudicium
879 3157 1185 3226 publicum,
1221 3159 1402 3212 hence
1441 3160 1537 3212 the
1575 3158 1860 3228 necessity
1884 3159 1951 3213 of
1980 3175 2053 3212 an
2092 3157 2536 3213 extraordinaria
2565 3173 2753 3227 poena
2784 3155 2875 3222 (cf.

572 3242 670 3294 the
707 3257 950 3310 passage
983 3240 1134 3295 cited
1171 3240 1316 3295 from
1356 3241 1490 3310 Dig.
1519 3255 1606 3309 47.
1636 3257 1686 3298 2.
1710 3257 1780 3310 92
1819 3259 1893 3296 on
1927 3242 2040 3296 Tit.
2075 3257 2115 3297 1.
2152 3257 2215 3310 19
2245 3241 2439 3312 supn),
2469 3239 2687 3309 though
2719 3255 2878 3294 some

572 3324 748 3378 forms
786 3323 851 3377 os
878 3323 920 3377 it
947 3324 1131 3378 would
1169 3340 1331 3378 come
1369 3325 1549 3380 under
1583 3325 1813 3395 specific
1838 3336 2094 3393 statuteS,
2121 3343 2173 3380 e.
2188 3342 2244 3395 g.
2269 3327 2367 3380 the
2404 3327 2559 3394 leges
2590 3322 2765 3377 Iuliae
2804 3322 2877 3376 de

573 3405 880 3474 adulteriiS,
920 3406 1033 3460 Tit.
1066 3408 1142 3461 18.
1170 3420 1207 3473 4
1230 3407 1346 3476 inf„
1378 3409 1492 3462 and
1531 3407 1603 3464 de
1638 3408 1710 3478 vi,
1738 3408 1811 3462 ib.
1841 3409 1911 3463 8:
1951 3409 2214 3463 Cornelia
2250 3410 2322 3463 de
2358 3407 2592 3476 sicariis»,
2627 3407 2703 3461 ib.
2742 3418 2787 3474 5,
2815 3421 2879 3458 or

576 3489 758 3544 Fabia
783 3489 855 3543 de
879 3490 1183 3559 plagiariiS,
1213 3491 1288 3546 ib.
1313 3507 1386 3546 10.
1450 3493 1574 3548 The
1609 3493 1781 3547 ranks
1815 3492 2017 3561 higher
2042 3494 2180 3547 than
2208 3493 2436 3548 illustris
2463 3510 2608 3547 were
2632 3491 2795 3546 those
2822 3489 2888 3544 of

575 3573 900 3627 consulares
927 3573 1040 3627 and
1066 3574 1302 3644 patricii.
1395 3578 1510 3630 For
1535 3578 1732 3631 Zeno's
1764 3577 2131 3631 constitution
2158 3578 2227 3631 cf.
2256 3578 2414 3632 Paul.
2440 3585 2586 3631 sent.
2610 3591 2724 3630 rec.
2749 3575 2801 3628 8.
2826 3589 2879 3641 4.

581 3671 644 3710 12
689 3654 1046 3710 ‘iniuriarum
1100 3674 1215 3711 non
1272 3658 1380 3712 nisi
1424 3669 1754 3729 praesentes
1804 3677 2073 3715 accusare
2121 3670 2395 3730 possunt:
2446 3658 2660 3714 crimen
2709 3657 2877 3724 enim,

575 3739 728 3810 quod
764 3739 1046 3794 vindictae
1085 3753 1182 3796 aut
1221 3743 1538 3796 calumniae
1575 3742 1848 3800 iudicium
1888 3754 2167 3814 expectat,
2198 3761 2299 3814 per
2332 3743 2475 3799 alios
2512 3740 2730 3796 intendi
2765 3757 2879 3794 non

575 3825 796 3892 potest‚'
822 3823 954 3892 Dig.
975 3825 1061 3890 48.
1089 3839 1132 3878 1.
1157 3840 1232 3894 ¹3-
1258 3840 1279 3879 1
1313 3825 1418 3879 ‘ad
1453 3825 1666 3880 crimen
1702 3825 1893 3882 iudicii
1926 3827 2134 3898 publici
2177 3825 2633 3899 persequendum
2670 3825 2875 3879 frustra

576 3916 906 3976 procurator
931 3906 1246 3974 intervenit,
1274 3910 1563 3980 multoque
1591 3909 1773 3978 magis
1799 3910 1875 3965 ad
1901 3911 2356 3973 defendendum?

650 3991 680 4056 §
709 3991 800 4044 12.
841 3991 954 4043 For
990 3990 1102 4044 this
1141 4009 1241 4046 use
1280 3993 1347 4046 of
1375 3991 1751 4048 dissimulatio
1791 3995 1860 4048 cf.
1890 3995 2020 4063 Dig.
2051 4009 2134 4063 23.
2161 4009 2214 4061 4.
2240 4007 2325 4062 27,
2354 3993 2496 4049 Cod.
2522 4007 2572 4047 2.
2600 4005 2681 4046 22.
2718 4005 2739 4046 1
2772 4011 2785 4056 ;
2830 4001 2881 4057 7.

586 4089 662 4142 13.
692 4088 742 4142 3.
817 4073 940 4128 The
967 4074 1234 4146 meaning
1258 4093 1444 4131 seems
1480 4086 1540 4131 to
1565 4078 1640 4132 be
1674 4076 1896 4132 arrived
1930 4089 1987 4132 at
2027 4078 2104 4147 by
2129 4076 2441 4147 supposing
2464 4077 2586 4130 that
2612 4093 2648 4130 a
2674 4091 2879 4146 person

579 4158 722 4225 wh0,
748 4157 891 4211 after
927 4167 986 4210 at
1025 4155 1143 4211 first
1180 4159 1384 4229 letting
1419 4177 1494 4214 an
1521 4159 1727 4214 iniuria
1750 4177 1824 4230 go
1863 4160 1953 4230 by,
1981 4161 2116 4217 then
2142 4160 2337 4230 brings
2375 4159 2465 4213 his
2502 4158 2709 4225 action,
2737 4157 2881 4210 ‘dis-

580 4239 865 4296 sembled'
901 4239 987 4294 his
1026 4257 1213 4309 anger.
1291 4244 1416 4297 The
1451 4260 1653 4298 reason
1690 4244 1753 4297 of
1785 4245 1882 4298 the
1916 4245 2035 4298 rule
2080 4243 2127 4298 is
2172 4245 2295 4298 that
2332 4243 2429 4298 the
2461 4241 2611 4296 actio
2645 4240 2883 4296 iniuriae

581 4323 680 4380 ‘ex
705 4323 858 4379 bono
883 4332 940 4380 et
967 4340 1148 4395 aequo
1176 4327 1292 4380 est’
1321 4325 1450 4396 Dig.
1479 4339 1568 4394 47.
1601 4342 1679 4382 10.
1717 4341 1791 4381 11.
1830 4342 1872 4381 1.
