3230 5116
599 403 728 474 354
998 394 1701 453 INSTJTUTJONwJ
1735 394 1973 450 LIBRI
2009 392 2177 466 QUA
2190 391 2482 451 TTUOR.
2658 394 2789 461 [mh.
2808 398 2902 448 111.

1693 626 1812 691 IV.

1049 804 1149 855 DE
1195 802 1530 856 SENATUS
1579 799 1971 853 CONSULTO
2017 801 2449 854 ORFITIANO.

688 956 815 1019 Per
869 955 1269 1019 contrarium
1319 960 1544 1017 autem
1603 959 1681 1014 ut
1738 948 1926 1014 liberi
1986 951 2073 1014 ad
2132 951 2307 1015 bona
2361 961 2648 1016 matrum
2699 952 2904 1017 intes·

599 1068 890 1124 tatarum
934 1059 1390 1136 admittantur,
1427 1064 1696 1119 senatus
1742 1053 2043 1119 consulto
2075 1054 2403 1121 Orfitiano
2442 1057 2750 1121 effectum
2782 1066 2905 1134 est,

599 1164 778 1246 quod
819 1162 1031 1226 latum
1077 1169 1178 1225 est
1224 1159 1440 1225 Orfito
1484 1167 1552 1222 et
1609 1157 1791 1221 Rufo
1836 1157 2236 1236 consulibuS,
2283 1160 2421 1223 divi
2470 1159 2679 1224 Marci
2730 1169 2903 1224 tem-

597 1266 886 1349 poribus,
962 1274 1032 1330 et
1059 1265 1221 1329 data
1250 1272 1354 1327 est
1397 1271 1539 1327 tam
1582 1260 1720 1324 filio
1762 1280 1963 1343 quam
2004 1260 2183 1325 filiae
2224 1260 2520 1345 legitima
2548 1261 2905 1351 hereditaS,

600 1370 860 1434 etiamsi
920 1368 1137 1433 alieno
1195 1367 1317 1431 iuri
1377 1365 1655 1429 subiecti
1716 1374 1912 1429 sunt:
1981 1374 2049 1429 et
2106 1366 2565 1449 praeferuntur
2622 1376 2691 1431 et
2748 1387 2907 1432 con-

544 1483 571 1537 1
603 1473 978 1556 sanguineis
1026 1482 1095 1537 et
1141 1470 1450 1554 adgnatis
1503 1470 1855 1534 defunctae
1902 1471 2148 1534 matris
2242 1470 2378 1535 Sed
2433 1492 2585 1535 cum
2638 1492 2727 1535 ex
2776 1471 2905 1537 hoc

600 1587 871 1642 senatus
901 1575 1203 1641 consulto
1239 1583 1516 1658 nepotes
1557 1574 1646 1638 ad
1689 1574 1877 1638 aviae
1913 1573 2394 1639 successionem
2434 1575 2734 1658 legitimo
2764 1574 2904 1640 iure

601 1698 736 1743 non
792 1680 1214 1757 vocabantur,
1282 1686 1516 1761 postea
1586 1676 1716 1741 hoc
1786 1677 2368 1742 constitutionibus
2433 1679 2904 1761 principalibus

599 1785 1026 1849 emendatum
1077 1794 1196 1857 est,
1243 1792 1319 1847 ut
1369 1783 1455 1846 ad
1501 1780 2001 1846 similitudinem
2048 1780 2333 1845 filiorum
2377 1782 2791 1867 filiarumque
2837 1791 2906 1847 et

543 1898 577 1953 2
602 1896 881 1971 nepotes
911 1897 978 1952 et
1015 1895 1250 1970 neptes
1278 1894 1610 1951 vocentur.
1706 1884 2065 1950 Sciendum
2106 1895 2333 1949 autem
2379 1896 2481 1951 est
2525 1885 2906 1951 huiusmodi

601 1992 1062 2067 successiones,
1095 2010 1267 2074 quae
1290 2010 1330 2053 a
1351 1988 1768 2053 Tertulliano
1800 1997 1867 2053 et
1899 1987 2226 2053 Orfitiano
2248 1989 2646 2070 deferuntur,
2668 1990 2907 2073 capitis

601 2096 1052 2162 deminutione
1103 2116 1234 2159 non
1287 2094 1537 2178 peremi
1586 2101 1859 2177 propter
1904 2094 2087 2157 illam
2139 2092 2455 2176 regulam,
2510 2114 2641 2178 qua
2694 2114 2907 2159 novae

599 2199 1003 2264 hereditates
1053 2198 1392 2281 legitimae
1449 2196 1685 2280 capitis
1738 2196 2190 2260 deminutione
2251 2218 2385 2261 non
2437 2208 2731 2281 pereunt,
2783 2198 2905 2265 sed

600 2303 758 2368 illae
817 2304 996 2368 solae
1054 2320 1226 2385 quae
1295 2320 1384 2364 ex
1442 2301 1592 2384 lege
1652 2301 2005 2365 duodecim
2066 2300 2441 2365 tabularum
2502 2302 2904 2367 deferuntur.

601 2406 982 2471 Novissime
1053 2405 1394 2470 sciendum
1471 2413 1572 2470 est
1656 2404 1860 2468 etiam
1943 2404 2092 2469 illos
2173 2404 2429 2481 liberos,
2515 2407 2629 2488 qui
2702 2406 2907 2490 vulgo

545 2524 580 2578 3
603 2510 887 2592 quaesiti
933 2518 1104 2588 sunt,
1140 2509 1227 2574 ad
1269 2510 1498 2574 matris
1532 2507 1971 2574 hereditatem
2002 2529 2091 2575 ex
2131 2508 2259 2574 hoc
2294 2520 2565 2575 senatus
2600 2510 2904 2577 consulto

600 2613 887 2679 admitti.

545 2735 582 2789 4
692 2717 766 2782 Si
819 2738 908 2781 ex
953 2717 1248 2800 pluribus
1307 2717 1618 2802 legitimis
1669 2717 2023 2784 heredibus
2069 2719 2345 2802 quidam
2398 2718 2739 2784 omiserint
2785 2717 2907 2782 he-

674 2934 705 3001 ξ
723 2937 770 2988 1.
799 2935 922 2989 The
947 2942 1302 2990 enactments
1321 2933 1568 2989 referred
1592 2944 1653 2989 to
1673 2951 1769 2991 are
1788 2936 1953 2991 those
1972 2935 2205 3005 already
2221 2934 2373 2992 cited
2398 2935 2514 2991 and
2530 2932 2909 2990 summarised

603 3035 679 3073 on
703 3017 814 3074 Tit.
849 3033 893 3072 1.
925 3031 986 3088 15
1014 3034 1162 3087 supr.

676 3100 705 3172 ξ
732 3104 790 3159 2.
826 3101 1108 3173 Justinian
1135 3101 1182 3157 is
1207 3101 1342 3158 here
1368 3100 1646 3172 speaking
1675 3101 1741 3156 of
1761 3101 1961 3173 capitis
1994 3101 2307 3158 deminutio
2338 3101 2575 3158 minima
2599 3102 2733 3172 only
2759 3120 2774 3168 3
2806 3101 2910 3157 the

602 3185 800 3241 child’s
824 3185 974 3255 right
999 3195 1059 3241 to
1085 3185 1327 3241 succeed
1351 3202 1466 3240 was
1491 3185 1673 3241 based
1696 3201 1772 3240 on
1797 3187 2019 3242 natural
2054 3187 2373 3257 cognationi,
2400 3186 2515 3242 and
2542 3187 2597 3241 in
2626 3186 2728 3240 Bk.
2756 3184 2790 3240 i.
2825 3183 2906 3240 16.

602 3267 638 3323 6
663 3286 814 3340 supr.
838 3270 912 3324 he
945 3285 1077 3340 says
1104 3269 1119 3298 ‘
1139 3269 1294 3340 quod
1329 3280 1520 3325 autem
1546 3268 1761 3324 dictum
1786 3279 1875 3324 est
1909 3286 2140 3325 manere
2177 3269 2533 3339 cognationis
2567 3269 2653 3324 ius
2684 3279 2743 3324 et
2774 3277 2907 3339 post

603 3351 806 3422 capitis
846 3353 1309 3420 deminutionem,
1350 3353 1462 3408 hoc
1505 3351 1584 3406 ita
1628 3362 1732 3420 est,
1772 3352 1820 3407 si
1858 3353 2097 3407 minima
2138 3351 2341 3423 capitis
2382 3351 2696 3407 deminutio
2736 3351 2908 3407 inter-

604 3435 828 3504 veniat,’
863 3435 978 3490 and
1011 3435 1068 3490 in
1105 3437 1204 3492 the
1242 3435 1445 3505 Digest
1484 3433 1594 3505 (38.
1628 3449 1707 3502 17.
1742 3450 1784 3489 1.
1811 3435 1867 3504 8)
1910 3434 2140 3506 Ulpian,
2178 3433 2456 3505 speaking
2484 3434 2549 3488 of
2578 3434 2907 3490 succession

605 3517 786 3572 under
808 3518 920 3572 this
959 3518 1087 3588 Sc„
1113 3535 1245 3589 says
1271 3517 1425 3574 ‘sive
1461 3517 1588 3590 quis
1627 3527 1761 3572 ante
1798 3518 2046 3573 delatam
2082 3517 2268 3587 capite
2304 3516 2590 3586 minuitur,
2616 3516 2693 3572 ad
2726 3518 2911 3588 legiti-

605 3616 760 3654 mam
795 3599 1168 3658 hereditatem
1205 3601 1551 3671 admittetur,
1574 3599 1685 3655 nisi
1724 3617 1935 3670 magna
1972 3599 2175 3670 capitis
2202 3598 2515 3655 deminutio
2552 3599 2911 3671 interveniat,

603 3699 752 3754 quae
785 3684 876 3739 vel
913 3683 1200 3740 civitatem
1235 3683 1453 3752 adimit,
1479 3693 1538 3738 ut
1575 3693 1731 3753 puta,
1768 3682 1814 3736 si
1852 3682 2213 3752 deportetur!
2286 3684 2411 3738 The
2437 3682 2566 3739 ‘illa
2600 3684 2825 3752 regula'
2858 3683 2908 3740 is

603 3767 794 3821 rather
829 3775 926 3821 too
961 3766 1165 3837 widely
1199 3765 1402 3834 stated,
1440 3782 1505 3821 as
1541 3767 1701 3820 there
1738 3783 1883 3820 were
1920 3783 2079 3821 some
2116 3782 2279 3822 cases
2316 3766 2374 3822 in
2411 3766 2595 3822 which
2629 3768 2909 3822 bonorum

604 3849 894 3921 possessio
919 3849 1070 3905 unde
1095 3848 1254 3905 liberi
1279 3864 1395 3903 was
1419 3849 1530 3904 lost
1554 3849 1632 3917 by
1656 3847 1859 3918 capitis
1887 3847 2216 3919 deminuti0,
2245 3850 2375 3918 Dig.
2404 3851 2489 3919 38.
2515 3850 2567 3905 6.
2594 3866 2645 3921 9.

679 3929 708 4004 ξ
736 3935 792 3989 3.
833 3932 917 3988 Cf.
946 3932 1055 3989 Tit.
1083 3947 1131 4002 3.
1160 3945 1191 4000 7
1219 3949 1368 4003 supr.
1395 3931 1512 3988 and
1548 3932 1693 3987 Cod.
1710 3932 1762 3987 6.
1794 3944 1872 4001 57.
1910 3945 1936 4001 5
1966 3933 2290 4003 (Justinian)
2330 3933 2647 3989 ‘sancimus
2687 3972 2702 3988 .
2741 3975 2755 3990 .
2795 3974 2810 3988 .
2846 3943 2910 3988 ut

603 4032 790 4086 neque
815 4033 884 4072 ex
907 4025 1266 4084 testamento,
1291 4032 1476 4087 neque
1501 4015 1574 4071 ab
1601 4015 1887 4085 intestam,
1914 4033 2097 4087 neque
2123 4035 2192 4072 ex
2216 4017 2552 4073 liberalitate
2576 4017 2725 4072 inter
2748 4016 2908 4072 vivos

605 4099 818 4168 habita,
863 4098 1024 4155 iustis
1071 4099 1264 4155 liberis
1312 4098 1700 4169 existentibus,
1745 4099 1958 4170 aliquid
2008 4100 2082 4154 ab
2138 4100 2451 4156 illustribus
2501 4101 2775 4156 matribus
2832 4099 2911 4155 ad

605 4183 828 4254 spurios
852 4183 1161 4253 perveniat.
1237 4181 1338 4239 Sin
1375 4192 1565 4239 autem
1602 4183 1922 4238 concubina
1958 4183 2169 4240 liberae
2207 4183 2558 4239 condicionis
2603 4183 2911 4238 constituta

608 4264 784 4320 filium
819 4266 909 4321 vel
947 4265 1138 4334 filiam,
1175 4283 1244 4322 ex
1280 4263 1434 4321 licita
1476 4265 1887 4321 consuetudine
1926 4266 2001 4320 ab
2037 4265 2269 4322 homine
2306 4267 2485 4322 libero
2528 4265 2741 4335 habita,
2780 4281 2909 4336 pro·

605 4348 895 4418 creaverit,
931 4365 1031 4403 eos
1068 4347 1241 4404 etiam
1278 4365 1406 4404 cum
1443 4348 1709 4420 legitimis
1745 4348 1937 4405 liberis
1981 4349 2058 4405 ad
2093 4361 2353 4406 materna
2386 4349 2579 4406 venire
2628 4349 2783 4406 bona
2805 4389 2820 4405 .
2850 4390 2865 4405 .
2889 4391 2904 4404 .

607 4433 761 4487 nulla
786 4431 1064 4487 dubitatio
1089 4433 1209 4488 est.'

681 4513 708 4586 ξ
737 4519 793 4570 4.
833 4517 959 4571 The
983 4515 1088 4570 law
1113 4515 1179 4570 of
1193 4515 1416 4572 accrual
1443 4532 1654 4585 among
1672 4515 1819 4587 joint
1843 4515 1993 4572 heirs
2018 4517 2094 4572 ab
2121 4514 2389 4572 intestato
2414 4515 2652 4572 differed
2676 4513 2910 4570 accord-
