3230 5116
407 1047 536 1121 IN
575 1045 1034 1121 NOMINE
1069 1043 1486 1120 DOMINI
1519 1043 1935 1120 NOSTRI
1970 1044 2227 1121 IESU
2261 1045 2715 1122 CHRISTI

401 1309 854 1365 IMPERATOR
905 1313 1194 1364 CAESAR
1247 1311 1564 1365 FLAVIUS
1620 1311 2115 1365 IUSTINIANUS
2176 1314 2723 1366 ALAMANNICUS

546 1417 934 1470 GOTHICUS
973 1417 1389 1469 FRANCICUS
1437 1416 1928 1469 GERMANICUS
1975 1417 2296 1470 ANTICUS
2342 1420 2578 1470 ALAN-

719 1523 890 1575 ICUS
941 1521 1422 1573 VANDALICUS
1482 1520 1909 1573 AFRICANUS
1970 1521 2133 1574 PIUS
2193 1523 2421 1574 FELIX

851 1625 1204 1678 INCLITUS
1257 1623 1532 1675 VICTOR
1590 1624 1687 1674 AC
1740 1625 2294 1678 TRIUMPHATOR

1022 1728 1324 1780 SEMPER
1369 1727 1762 1780 AUGUSTUS
1798 1727 2123 1780 CUPIDAE

1193 1831 1454 1885 LEGUM
1501 1831 1947 1885 IUVENTUTI.

475 2036 1098 2100 ·IMPERATOR1AM
1148 2031 1568 2099 maiestatem
1626 2053 1759 2098 non
1810 2033 2027 2098 solum
2075 2033 2275 2098 armis
2328 2033 2726 2110 decoratam,

415 2141 540 2205 sed
577 2141 778 2204 etiam
816 2139 1073 2222 legibus
1109 2147 1372 2222 oportet
1409 2159 1554 2202 esse
1599 2146 1945 2214 armatam,
1978 2147 2053 2203 ut
2082 2146 2435 2222 utrumque
2466 2147 2729 2222 tempus

417 2253 490 2309 et
545 2243 874 2308 bellorum
948 2252 1016 2308 et
1088 2243 1274 2327 pacis
1348 2252 1526 2308 recte
1597 2242 1808 2326 possit
1872 2241 2221 2326 gubernari
2286 2252 2355 2308 et
2425 2243 2730 2327 princeps

419 2348 769 2412 Romanus
805 2346 1016 2412 victor
1059 2348 1312 2412 existat
1356 2367 1490 2410 non
1535 2345 1752 2411 solum
1794 2347 1861 2410 in
1908 2345 2258 2412 hostilibus
2298 2345 2578 2431 proeliiS,
2611 2348 2729 2412 sed

419 2453 626 2517 etiam
673 2472 794 2535 per
833 2451 1165 2536 legitimos
1216 2451 1519 2517 tramites
1572 2451 2116 2517 calumniantium
2180 2451 2561 2536 iniquitates
2609 2473 2730 2516 ex-

420 2555 693 2639 pellenS,
725 2565 793 2621 et
835 2555 954 2621 fiat
998 2566 1140 2621 tam
1183 2555 1340 2619 iuris
1385 2553 1915 2639 religiosissimus
1952 2575 2155 2640 quam
2190 2555 2381 2622 victis
2424 2553 2729 2621 hostibus

421 2659 882 2742 triumphator.

510 2763 813 2847 Quorum
866 2773 1218 2848 utramque
1266 2763 1444 2830 viam
1503 2785 1655 2830 cum
1718 2764 1993 2830 summis
2050 2764 2291 2849 vigiliis
2349 2772 2417 2829 et
2470 2784 2729 2829 summa
2760 2772 2787 2827 1

422 2868 838 2951 providentia
894 2869 1231 2933 adnuente
1303 2868 1434 2933 deo
1493 2868 1907 2952 perfecimus.
2013 2877 2082 2933 et
2140 2867 2415 2933 bellicos
2460 2868 2731 2952 quidem

419 2971 695 3036 sudores
739 2982 1000 3037 nostros
1050 2972 1432 3037 barbaricae
1481 2982 1715 3058 gentes
1762 2973 1887 3037 sub
1936 2972 2089 3056 iuga
2136 2980 2362 3036 nostra
2406 2972 2733 3037 deductae

423 3084 832 3158 cognoscunt
867 3085 936 3141 et
981 3086 1118 3141 tam
1151 3075 1384 3141 Africa
1426 3096 1629 3159 quam
1666 3075 1837 3141 aliae
1870 3076 2329 3140 innumerosae
2357 3075 2733 3158 provinciae

423 3188 578 3263 post
607 3189 797 3245 tanta
824 3189 1200 3263 temporum
1242 3180 1459 3264 spatia
1500 3181 1738 3245 nostris
1765 3179 2053 3245 victoriis
2085 3200 2128 3244 a
2164 3178 2431 3244 caelesti
2464 3178 2733 3243 numine

423 3286 756 3367 praestitis
791 3285 1028 3350 iterum
1070 3284 1312 3350 dicioni
1361 3284 1713 3348 Romanae
1751 3293 2112 3367 nostroque
2155 3283 2425 3348 additae
2454 3284 2732 3366 imperio

424 3398 892 3471 protestantur.
981 3409 1216 3453 omnes
1274 3408 1432 3453 vero
1492 3387 1723 3472 populi
1783 3387 2041 3472 legibus
2102 3388 2236 3451 iam
2289 3408 2332 3452 a
2391 3388 2581 3452 nobis
2624 3386 2731 3452 vel

424 3493 862 3577 promulgatis
899 3492 1008 3558 vel
1052 3493 1435 3575 compositis
1477 3501 1809 3575 reguntur.
1916 3492 2010 3556 Et
2056 3510 2209 3556 cum
2256 3491 2731 3556 sacratissimas
2758 3503 2791 3557 2

424 3598 931 3661 constitutiones
984 3606 1182 3661 antea
1241 3596 1546 3662 confusas
1601 3596 1669 3659 in
1729 3595 2134 3662 luculentam
2194 3595 2527 3660 ereximus
2578 3615 2732 3659 con-

424 3702 816 3781 sonantiam,
863 3710 1023 3766 tunc
1069 3711 1363 3765 nostram
1406 3700 1834 3765 extendimus
1882 3719 2107 3766 curam
2158 3708 2226 3764 et
2274 3699 2360 3764 ad
2410 3700 2732 3764 immensa

425 3805 814 3887 prudentiae
865 3806 1102 3870 veteris
1148 3804 1500 3882 volumina,
1550 3812 1619 3868 et
1678 3823 1848 3887 opus
1900 3805 2325 3887 desperatum
2371 3804 2560 3885 quasi
2615 3823 2733 3885 per

428 3910 720 3973 medium
752 3908 1151 3992 profundum
1199 3918 1430 3974 euntes
1474 3908 1741 3973 caelesti
1776 3907 2001 3973 favore
2042 3908 2174 3972 iam
2204 3906 2731 3990 adimplevimus·

431 4010 735 4097 Cumque
797 4013 926 4077 hoc
991 4014 1121 4078 deo
1184 4012 1471 4097 propitio
1533 4021 1876 4096 peractum
1941 4021 2062 4092 est,
2123 4010 2533 4076 Triboniano
2590 4010 2730 4075 viro
2758 4022 2811 4081 3,

429 4116 776 4201 magnifico
837 4117 1154 4202 magistro
1212 4126 1281 4181 et
1341 4127 1784 4199 exquaestore
1840 4116 2009 4180 sacri
2064 4114 2293 4199 palatii
2351 4114 2557 4180 nostri
2611 4135 2731 4179 nec

429 4240 561 4285 non
612 4220 988 4306 Theophilo
1048 4230 1117 4285 et
1171 4220 1513 4286 Dorotheo
1564 4220 1719 4286 viris
1780 4218 2141 4285 illustribus
2188 4219 2730 4296 antecessoribu3‚

431 4344 707 4407 quorum
731 4324 1029 4390 omnium
1060 4323 1420 4390 sollertiam
1453 4334 1520 4389 et
1550 4324 1773 4407 legum
1803 4323 2146 4389 scientiam
2178 4330 2245 4387 et
2276 4323 2444 4388 circa
2474 4330 2731 4385 nostras

432 4426 749 4494 iussiones
785 4428 990 4493 fidem
1039 4428 1173 4493 iam
1221 4448 1311 4494 ex
1353 4427 1578 4493 multis
1626 4448 1843 4492 rerum
1887 4426 2291 4511 argumentis
2336 4424 2729 4506 accepimus,

436 4533 807 4599 convocatis
883 4532 1255 4617 specialiter
1328 4532 1808 4612 mandavimus,
1880 4540 1957 4596 ut
2031 4538 2257 4595 nostra
2332 4525 2731 4592 auctoritate
