3230 5116
576 377 706 463 346
984 381 1280 443 INSTJT
1288 383 1691 444 UTIONUM
1724 383 1966 442 LIBRI
2000 379 2473 457 QUATTUOR.
2646 383 2775 452 [Lm.
2788 385 2889 438 111.

577 549 750 613 inter
787 569 1016 614 omnes
1059 559 1336 634 nepotes
1381 559 1449 617 et
1495 559 1727 635 neptes
1771 559 1840 615 et
1883 545 2049 615 alias
2094 547 2407 632 deinceps
2444 563 2776 631 personaS,
2808 553 2890 612 ut

577 661 857 736 utraque
900 655 1252 737 progenies
1306 655 1533 720 matris
1579 675 1741 718 suae
1785 652 1892 718 vel
1934 652 2160 737 patris,
2202 653 2392 717 aviae
2434 651 2541 715 vel
2584 651 2691 716 avi
2734 669 2889 734 por—

577 756 852 822 tionem'
875 759 1016 822 sine
1059 758 1196 824 ulla
1239 759 1695 825 deminutione
1738 766 2243 842 consequantur,
2274 766 2368 833 ut,
2412 756 2467 820 si
2510 756 2681 820 forte
2714 773 2889 820 unus

576 860 681 924 vel
714 861 847 926 duo
879 881 967 926 ex
997 881 1132 927 una
1161 874 1366 946 parte,
1399 885 1488 928 ex
1527 862 1739 927 altera
1769 871 1905 928 tres
1944 870 2061 927 aut
2089 869 2403 943 quattuor
2433 868 2685 934 extent,
2718 878 2891 922 unus

577 974 694 1029 aut
733 965 870 1029 duo
915 967 1278 1046 dimidiam,
1306 967 1499 1033 alteri
1545 977 1683 1033 tres
1726 976 1844 1033 aut
1888 975 2205 1050 quattuor
2232 965 2510 1030 alteram
2540 963 2892 1029 dimidiam

575 1067 964 1148 hereditatis
1005 1071 1314 1137 habeant.
2352 1063 2383 1090 ‘

1690 1215 1782 1282 ΙΙ.

909 1395 1010 1446 DE
1055 1395 1429 1446 LEGrnMA
1474 1393 2003 1453 ADGNATORUM
2052 1393 2567 1446 succEssmNE.

675 1543 748 1611 Si
797 1565 995 1610 nemo
1046 1566 1202 1609 suus
1260 1543 1454 1610 heres
1501 1539 1608 1608 vel
1670 1564 1916 1622 eorum,
1962 1564 2131 1626 quos
2181 1543 2354 1609 inter
2405 1564 2560 1609 suos
2612 1543 2892 1608 heredes

585 1659 851 1734 praetor
878 1647 984 1713 vel
1030 1647 1535 1712 constitutiones
1562 1657 1824 1727 vocant,
1856 1657 2049 1712 extat
2095 1658 2163 1712 et
2207 1647 2690 1712 successionem
2726 1666 2892 1729 quo-

589 1772 723 1834 quo
771 1753 973 1816 modo
1021 1751 1498 1835 amplectatur:
1561 1761 1722 1816 tunc
1774 1771 1864 1815 ex
1916 1750 2065 1834 lege
2112 1751 2464 1816 duodecim
2516 1750 2891 1816 tabularum

531 1859 558 1913 1
587 1856 672 1919 ad
734 1856 1099 1939 adgnatum
1165 1856 1544 1938 proximum
1603 1853 1938 1919 hereditas
1999 1856 2301 1937 pertinet.
2428 1853 2602 1920 Sunt
2666 1862 2892 1918 autem

589 1958 881 2041 adgnati,
915 1969 989 2024 ut
1020 1959 1234 2042 primo
1277 1977 1545 2042 quoque
1587 1957 1752 2023 libro
1800 1958 2209 2034 tradidimus,
2244 1959 2509 2042 cognati
2546 1978 2664 2042 per
2691 1956 2895 2023 virilis

589 2084 790 2127 sexus
865 2083 1177 2146 personas
1251 2063 1649 2146 cognatione
1708 2063 1930 2143 iuncti,
1992 2063 2180 2146 quasi
2246 2085 2287 2127 a
2360 2075 2551 2146 patre
2607 2062 2895 2144 cognati.

591 2169 814 2250 itaque
845 2169 1080 2233 eodem
1126 2178 1315 2251 patre
1358 2168 1499 2232 nati
1539 2167 1775 2231 fratres
1811 2168 2085 2250 adgnati
2122 2168 2245 2233 sibi
2290 2177 2467 2244 sunt,
2498 2167 2612 2250 qui
2645 2176 2711 2232 et
2742 2185 2897 2230 con-

591 2271 932 2352 sanguinei
976 2281 1310 2348 vocantur,
1343 2291 1464 2336 nec
1511 2271 1878 2354 requiritur,
1910 2291 1995 2336 an
2034 2271 2238 2336 etiarn
2284 2272 2566 2362 eandem
2614 2279 2895 2334 matrem

590 2373 962 2439 habuerint.
1029 2376 1189 2439 item
1223 2384 1499 2457 patruus
1528 2375 1747 2440 fratris
1778 2374 1914 2441 filio
1946 2385 2014 2440 et
2043 2377 2323 2441 invicem
2355 2377 2412 2440 is
2441 2376 2535 2440 illi
2567 2376 2897 2458 adgnatus

590 2486 711 2544 est.
818 2477 1055 2544 eodem
1115 2499 1392 2543 numero
1442 2489 1600 2546 sunt
1650 2481 1881 2545 fratres
1939 2480 2292 2565 patrueleS,
2340 2481 2409 2545 id
2473 2490 2575 2545 est
2632 2480 2745 2565 qui
2806 2498 2897 2542 ex

590 2582 852 2647 duobus
907 2582 1220 2651 fratribus
1287 2585 1617 2668 procreati
1683 2594 1857 2661 sunt,
1918 2586 2031 2668 qui
2094 2586 2299 2650 etiam
2359 2585 2731 2650 consobrini
2781 2604 2899 2648 vo-

590 2699 842 2751 cantur.
938 2706 1082 2771 qua
1141 2690 1395 2753 ratione
1456 2689 1657 2753 etiarn
1723 2690 1813 2754 ad
1880 2689 2099 2773 plures
2166 2691 2413 2775 gradus
2478 2688 2901 2773 adgnationis

591 2791 934 2876 pervenire
991 2793 1374 2877 poterimus
1485 2793 1554 2859 hi
1617 2814 1898 2879 quoque,
1960 2795 2073 2878 qui
2133 2806 2287 2879 post
2350 2804 2633 2859 mortem
2693 2794 2900 2877 patris

591 2906 967 2972 nascuntur,
1031 2898 1492 2964 nanciscuntur
1551 2900 2145 2982 consanguinitatis
2204 2900 2366 2963 iura.
2479 2919 2611 2964 non
2673 2908 2901 2963 tamen

593 3001 902 3066 omnibus
947 3001 1146 3065 simul
1203 3002 1514 3085 adgnatis
1573 3004 1693 3067 dat
1746 3003 1861 3067 lex
1918 3003 2378 3079 hereditatem,
2428 3004 2547 3067 sed
2614 3001 2735 3080 his,
2785 3000 2901 3084 qui

589 3112 751 3168 tunc
795 3106 1109 3188 proximo
1149 3107 1358 3188 gradu
1395 3115 1568 3186 sunt,
1598 3128 1751 3171 cum
1798 3114 2052 3172 certum
2090 3128 2234 3172 esse
2279 3105 2571 3189 coeperit
2608 3105 2899 3189 aliquem

661 3362 786 3417 mit.
811 3366 898 3418 11.
927 3361 956 3434 ξ
985 3366 1034 3417 1.
1086 3365 1210 3419 For·
1233 3365 1333 3419 the
1363 3364 1582 3435 precise
1615 3363 1885 3435 meaning
1920 3365 1986 3419 of
2004 3364 2273 3435 ‘ag-nate’
2305 3381 2402 3420 see
2438 3380 2513 3419 on
2540 3362 2653 3417 Tit.
2684 3376 2731 3416 ῐ.
2760 3374 2838 3431 15.
2872 3374 2895 3415 1

595 3462 744 3516 supr.
819 3446 944 3501 The
973 3448 1094 3501 rule
1126 3448 1192 3501 of
1215 3448 1314 3503 the
1339 3449 1566 3503 Twelve
1593 3448 1822 3518 TableS,
1850 3448 2051 3519 which,
2078 3448 2135 3503 in
2166 3448 2379 3504 default
2414 3448 2480 3502 of
2496 3446 2601 3513 sui,
2626 3462 2770 3515 gave
2802 3445 2901 3500 the

595 3528 921 3585 succession
947 3538 1007 3584 to
1034 3530 1132 3585 the
1157 3540 1384 3586 nearest
1422 3541 1631 3601 agnate
1666 3548 1730 3586 or
1764 3541 2001 3602 agnates
2026 3531 2086 3587 in
2122 3528 2220 3588 the
2254 3549 2413 3587 same
2448 3532 2672 3601 degree,
2696 3544 2811 3583 was
2836 3544 2903 3583 so

597 3612 814 3681 strictly
839 3614 1162 3683 construed,
1187 3615 1310 3669 that
1347 3613 1396 3669 if
1412 3616 1486 3670 he
1524 3632 1588 3669 or
1624 3615 1759 3685 they
1785 3633 1929 3671 were
1957 3616 2165 3671 unable
2191 3634 2257 3671 or
2291 3615 2519 3671 refused
2551 3624 2612 3669 to
2640 3613 2773 3669 take
2804 3613 2905 3667 the

595 3693 966 3766 inheritance,
991 3713 1151 3752 more
1175 3706 1393 3753 remote
1419 3708 1657 3768 agnates
1684 3716 1830 3755 were
1868 3710 1970 3755 not
1995 3699 2276 3756 admitted
2312 3716 2377 3755 as
2410 3699 2569 3767 such,
2592 3698 2695 3753 but
2720 3696 2763 3752 it
2788 3710 2905 3751 was

596 3779 788 3835 delata
822 3790 882 3835 to
908 3781 1004 3835 the
1030 3780 1183 3835 third
1221 3783 1386 3850 claSS,
1423 3798 1518 3837 see
1546 3780 1609 3852 ἐξ
1645 3794 1671 3851 5
1699 3783 1816 3838 and
1842 3796 1873 3851 7
1904 3782 2047 3852 infr„
2074 3784 2143 3839 cil
2174 3782 2351 3839 Gaius
2378 3783 2456 3839 iii.
2488 3798 2550 3838 12
2590 3780 2811 3837 ‘necin
2834 3795 2906 3836 eo

595 3864 715 3919 iure
754 3863 1040 3919 successio
1075 3873 1200 3920 est:
1239 3864 1481 3936 ideoque
1506 3865 1557 3919 si
1583 3865 1865 3935 adgnatus
1899 3866 2187 3936 proximus
2224 3867 2599 3923 hereditatem
2635 3862 2907 3932 omiserit,

595 3947 686 4004 vel
711 3958 1018 4019 antequam
1045 3948 1248 4004 adierit
1281 3948 1607 4018 decesserit,
1635 3949 2004 4021 sequentibus
2030 3950 2171 4006 nihil
2198 3950 2333 4006 iuris
2358 3968 2428 4006 ex
2451 3951 2576 4019 lege
2603 3946 2909 4018 competit.’

599 4031 853 4100 Perhaps
903 4031 1000 4085 the
1048 4031 1322 4101 hardship
1365 4032 1431 4086 of
1472 4032 1585 4088 this
1630 4050 1746 4088 was
1789 4043 1850 4089 to
1899 4050 2059 4089 some
2108 4044 2300 4089 extent
2348 4031 2645 4101 mitigated
2691 4030 2769 4100 by
2808 4030 2907 4084 the

598 4115 934 4169 anomalous
968 4114 1119 4184 right
1155 4115 1340 4169 which
1376 4116 1474 4171 the
1513 4126 1741 4173 nearest
1784 4127 1992 4188 agnate
2030 4116 2275 4187 enjoyed
2316 4117 2383 4171 of
2408 4114 2777 4183 transferring
2817 4112 2907 4167 his

598 4195 750 4265 right
787 4196 853 4250 of
879 4196 1058 4252 aditio
1093 4198 1171 4267 by
1209 4198 1266 4252 in
1299 4197 1419 4253 iure
1453 4199 1655 4268 cessio,
1684 4200 1862 4255 Gaius
1888 4199 1943 4255 ii.
1972 4212 2058 4269 35,
2084 4217 2139 4269 p.
2168 4199 2272 4269 256
2308 4215 2461 4269 supr.
2534 4198 2660 4253 The
2697 4195 2908 4265 gradus

601 4278 962 4349 adgnationis
989 4297 1134 4335 were
1167 4281 1484 4337 calculated
1509 4282 1566 4337 in
1593 4284 1691 4337 the
1717 4300 1877 4338 same
1902 4299 2026 4352 way
2052 4300 2115 4337 as
2140 4284 2305 4337 those
2334 4282 2400 4337 of
2417 4278 2739 4350 cognatim,
2764 4279 2910 4334 each

599 4361 931 4433 generation
956 4378 1020 4417 as
1046 4379 1156 4418 one
1189 4364 1396 4434 degree
1420 4365 1487 4419 os
1511 4367 1780 4436 removal,
1806 4365 1921 4421 Tit.
1946 4366 1997 4421 6.
2026 4366 2059 4420 8
2086 4364 2185 4421 inf.
2260 4366 2375 4419 For
2408 4365 2505 4419 the
2540 4362 2909 4433 significance

601 4446 670 4501 of
685 4446 782 4501 the
817 4444 1146 4515 expression
1172 4446 1187 4475 ‘
1203 4464 1332 4502 cum
1358 4458 1574 4504 certum
1612 4466 1741 4506 esse
1774 4448 2025 4518 coeperit
2059 4447 2307 4518 aliquem
2344 4446 2675 4502 intestatum
2712 4445 2909 4500 deces-

604 4528 748 4585 sisse
764 4530 898 4604 'see
924 4545 999 4585 on
1025 4529 1135 4587 Tit.
1170 4545 1214 4587 1.
1241 4543 1272 4601 7
1299 4548 1449 4603 supr.
1475 4532 1592 4589 and
1620 4534 1731 4589 Mr.
1760 4533 1975 4590 Poste’s
2000 4540 2135 4589 note
2154 4546 2237 4586 on
2264 4529 2443 4587 Gaius
2467 4527 2541 4586 iii.
2576 4542 2659 4599 13·
