3230 5116
588 413 718 493 406
994 418 1700 478 JNSTJTUTIONUM
1728 418 1966 475 ΗΒΕ]
2003 418 2170 492 QUA
2185 378 2476 475 TTUOR.
2653 414 2782 485 [Lib.
2803 420 2896 473 ιιι.

500 590 567 644 16
596 585 811 665 rieriS‚’
853 597 919 651 et
964 586 1143 671 apud
1188 596 1443 651 veteres
1491 585 1669 649 utilis
1714 593 1855 650 erat
1901 593 1969 649 et
2021 603 2193 649 nunc
2235 583 2432 648 valet.
2525 584 2697 648 Item
2743 590 2898 664 post

502 696 569 749 17
598 702 878 755 mortem
940 690 1205 755 alterius
1278 699 1457 755 recte
1526 689 1935 771 stipulamur.
2059 686 2132 752 Si
2193 691 2509 772 scriptum
2569 685 2763 751 fuerit
2830 685 2900 749 in

597 794 1033 860 instrumento
1093 794 1475 877 promisisse
1534 792 1846 875 aliquem,
1909 793 2182 874 perinde
2241 791 2540 871 habetur,
2597 802 2798 874 atque
2843 790 2896 853 si

504 908 569 961 18
597 900 1109 981 interrogatione
1156 899 1594 981 praecedente
1651 917 2038 979 responsum
2090 898 2192 961 sit.
2305 896 2630 979 Quotiens
2677 895 2900 977 plures

596 1024 701 1069 res
758 1024 890 1066 una
934 1002 1358 1085 stipulatione
1414 1001 2075 1085 comprehenduntur,
2121 1001 2176 1065 si
2228 1003 2498 1084 quidem
2545 999 2903 1083 promissor

538 1134 551 1145 ·
596 1108 983 1190 simpliciter
1012 1109 1409 1191 respondeat
1442 1113 1458 1141 ‘
1479 1108 1637 1171 dare
1666 1102 2004 1189 sponde0,’
2034 1116 2304 1190 propter
2334 1125 2568 1169 omnes
2601 1112 2899 1168 tenetur:

598 1213 653 1275 si
701 1233 857 1277 vero
900 1232 1103 1298 unam
1151 1233 1239 1276 ex
1290 1212 1393 1275 his
1441 1210 1545 1275 vel
1593 1212 1919 1293 quasdam
1968 1212 2280 1275 daturum
2335 1231 2407 1273 se
2455 1209 2903 1291 spoponderit,

599 1316 922 1399 obligatio
985 1317 1051 1380 in
1109 1316 1211 1380 his
1274 1336 1393 1397 pro
1454 1315 1695 1396 quibus
1767 1314 2198 1397 spoponderit
2269 1314 2692 1379 contrahitur.
2815 1334 2904 1376 ex

601 1420 895 1504 pluribus
932 1421 1110 1484 enim
1152 1418 1687 1502 stipulationibus
1728 1440 1860 1483 una
1899 1419 2004 1483 vel
2051 1421 2380 1502 quaedam
2417 1420 2726 1484 videntur
2762 1436 2905 1481 esse

482 1543 493 1553 ·
603 1524 970 1606 perfectae:
1034 1522 1327 1605 singulas
1387 1523 1563 1586 enim
1626 1542 1728 1586 res
1801 1522 2100 1604 stipulari
2173 1532 2241 1587 et
2299 1525 2386 1587 ad
2451 1521 2746 1605 singulas
2805 1540 2902 1584 re-

509 1640 578 1695 19
604 1627 931 1709 spondere
981 1626 1321 1690 debemus·
1432 1622 1651 1687 Alteri
1712 1624 2029 1706 stipulari,
2091 1636 2167 1691 ut
2223 1646 2424 1707 supra
2484 1626 2734 1689 dictum
2788 1632 2904 1703 est,

595 1751 802 1795 -nemo
847 1739 1106 1813 potest:
1152 1730 1458 1793 inventae
1504 1738 1659 1792 sunt
1706 1728 1882 1791 enim
1923 1727 2300 1794 huiusmodi
2343 1730 2779 1813 obligationes
2819 1727 2906 1791 ad

605 1834 748 1912 hoc,
779 1842 853 1897 ut
882 1833 1330 1917 unusquisque
1361 1832 1484 1896 sibi
1525 1831 1831 1914 adquirat
1874 1833 2052 1913 quod
2095 1854 2214 1899 sua
2257 1834 2568 1897 interest:
2616 1843 2904 1898 ceterum

606 1941 663 2005 si
714 1938 825 2002 alii
879 1940 1089 2014 detur,
1146 1936 1306 2001 nihil
1359 1937 1634 2001 interest
1686 1935 2110 2018 stipulatoris.
2200 1938 2398 2020 plane
2451 1940 2505 2002 si
2553 1940 2702 2019 quis
2749 1936 2908 2001 velit

604 2042 732 2108 hoc
792 2043 1023 2123 facere,
1074 2063 1361 2126 poenam
1415 2040 1714 2124 stipulari
1775 2043 2139 2121 conveniet,
2189 2044 2470 2118 ut,··nisi·
2510 2044 2605 2107 ita
2659 2042 2908 2107 sactum

606 2149 713 2223 sit,
767 2156 843 2212 ut
896 2146 1445 2229 comprehensum
1508 2154 1700 2222 esset,
1758 2146 2211 2210 committetur
2255 2167 2512 2230 poenae
2571 2145 2910 2231 stipulatio

610 2252 814 2315 etiam
863 2250 924 2313 ei
976 2250 1158 2313 cuius
1202 2249 1364 2312 nihil
1411 2250 1723 2313 interest:
1789 2269 2068 2331 poenam
2119 2250 2292 2313 enim
2347 2270 2497 2314 cum
2559 2248 2912 2333 stipulatur

609 2354 774 2435 qui5‚
839 2373 972 2416 non
1033 2352 1196 2416 illud
1256 2352 1613 2433 inspicitur,
1676 2352 1836 2435 quid
1897 2354 2154 2419 intersit
2213 2356 2371 2433 eiu3‚
2418 2357 2534 2420 sed
2600 2374 2774 2436 quae
2825 2355 2912 2417 sit

609 2456 945 2538 quantitas
988 2456 1053 2519 in
1090 2456 1475 2519 condicione
1524 2454 1985 2538 stipulationis,
2075 2478 2232 2541 ergo
2277 2460 2332 2522 si
2370 2462 2516 2541 quis
2563 2458 2916 2541 stipuletur

608 2561 792 2626 Titio
828 2561 989 2637 dari,
1034 2558 1195 2623 nihil
1234 2561 1392 2643 agit,
1431 2560 1548 2625 sed
1594 2560 1650 2624 si
1695 2561 2029 2626 addiderit
2069 2563 2156 2626 de
2195 2583 2406 2645 poena
2443 2565 2600 2627 ‘nisi
2637 2564 2914 2642 dederiS,

515 2687 586 2741 20
612 2675 715 2731 tot
756 2685 990 2729 aureos
1025 2665 1183 2729 dare
1214 2661 1585 2746 spondes?’
1632 2674 1789 2730 tunc
1830 2667 2266 2730 committitur
2307 2669 2662 2752 stipulati0.
2775 2668 2916 2734 Sed

610 2782 679 2836 et
722 2771 777 2835 si
826 2771 972 2852 quis
1019 2769 1372 2852 stipuletur
1408 2769 1538 2844 alii,
1588 2789 1740 2834 cum
1795 2771 1932 2834 eius
1983 2770 2346 2848 interesset,
2396 2774 2646 2855 placuit
2699 2774 2909 2854 stipu-

612 2874 929 2940 lationem
965 2873 1206 2938 valere.
1294 2894 1452 2938 nam
1498 2875 1552 2936 si
1594 2874 1667 2952 is,
1702 2875 1816 2956 qui
1858 2875 2088 2958 pupilli
2134 2877 2414 2941 tutelam
2458 2876 2916 2941 administrare

614 2989 941 3061 coeperat,
974 2978 1173 3042 cessit
1202 2977 1774 3042 administratione
1806 2980 2135 3042 contutori
2177 3001 2297 3043 suo
2328 2990 2396 3044 et
2431 2980 2783 3064 stipulatus
2814 2989 2917 3044 est

615 3105 755 3148 rem
807 3082 1039 3167 pupilli
1093 3082 1345 3147 salvam
1406 3081 1563 3161 fore,
1624 3083 1936 3164 quoniam
1990 3083 2263 3148 interest
2315 3083 2724 3166 stipulatoris
2777 3084 2916 3148 fieri

614 3190 795 3270 quod
847 3187 1203 3270 stipulatus
1252 3196 1371 3265 est,
1420 3206 1571 3250 cum
1622 3185 1954 3267 obligatus
2005 3185 2262 3251 futurus
2307 3197 2479 3252 esset
2531 3189 2802 3272 pupillo,
2857 3187 2916 3252 si

616 3290 790 3356 male
836 3311 941 3355 res
989 3289 1285 3374 gesserit,
1338 3297 1527 3355 tenet
1586 3289 1925 3372 obligatio,
2023 3311 2180 3373 ergo
2231 3302 2300 3356 et
2359 3293 2414 3357 si
2475 3293 2621 3374 quis
2680 3314 2915 3377 procu-

619 3539 684 3593 οἰ
702 3539 797 3593 the
821 3538 1368 3593 unreasonableness
1395 3537 1461 3592 of
1478 3537 1575 3593 the
1602 3536 1947 3608 distinction,
1968 3539 2034 3593 of
2045 3539 2227 3595 which
2253 3542 2326 3596 he
2353 3558 2485 3612 says
2507 3543 2644 3597 ‘non
2655 3541 2922 3614 ‚pretiosa

617 3622 835 3678 ratione
861 3632 1151 3692 receptum
1177 3621 1427 3676 videtur’
1452 3620 1508 3676 ii.
1535 3636 1655 3690 232.

690 3706 721 3772 §
746 3707 837 3760 16.
873 3706 926 3759 A
952 3704 1279 3775 stipulation
1303 3704 1391 3758 for
1413 3703 1806 3775 performance
1829 3705 1975 3760 after
1997 3705 2096 3762 the
2122 3707 2294 3763 death
2321 3708 2386 3763 of
2403 3726 2438 3764 a
2464 3709 2615 3765 third
2637 3727 2844 3780 person
2871 3709 2920 3765 is

618 3788 831 3858 merely
855 3806 925 3843 ex
950 3787 1059 3856 die,
1084 3786 1172 3841 for
1196 3786 1380 3842 which
1405 3804 1503 3842 see
1529 3804 1602 3840 on
1631 3788 1744 3842 Tit.
1777 3801 1854 3858 15.
1885 3804 1916 3843 2
1943 3807 2093 3860 supr.

690 3873 722 3939 ξ
750 3874 840 3928 1¹1.
875 3870 1015 3925 This
1052 3872 1172 3925 rule
1209 3869 1257 3924 is
1295 3871 1467 3925 taken
1492 3869 1639 3925 from
1667 3871 1892 3942 PauluS,
1920 3883 2060 3929 sent.
2087 3891 2197 3930 rec.
2229 3887 2275 3945 5.
2305 3889 2354 3943 7.
2383 3891 2414 3929 2
2440 3895 2452 3931 :
2491 3893 2557 3931 so
2581 3884 2680 3931 too
2707 3876 2921 3947 Ulpian

620 3971 751 4023 says
778 3951 965 4024 ‘quod
989 3953 1107 4009 fere
1139 3952 1451 4009 novissima
1480 3963 1642 4024 parte
1675 3965 1970 4024 pactorum
1997 3956 2076 4012 ita
2095 3957 2294 4028 inseri,
2321 3958 2538 4029 rogavit
2565 3959 2766 4028 Titius,
2793 3977 2923 4030 spo-

618 4036 819 4109 pondit
860 4035 1136 4104 Maevius»,
1162 4037 1306 4092 haec
1331 4037 1505 4092 verba
1540 4053 1657 4092 non
1683 4047 1904 4094 tantum
1941 4041 2222 4110 pactionis
2259 4043 2386 4098 loco
2424 4042 2790 4114 accipiuntur,
2821 4045 2923 4099 sed

618 4121 793 4177 etiam
830 4118 1244 4190 stipulationis:
1284 4118 1525 4191 ideoque
1564 4137 1634 4176 ex
1670 4121 1940 4191 stipulatu
1973 4124 2225 4179 nascitur
2248 4125 2415 4194 acti0,
2442 4126 2550 4181 nisi
2579 4127 2924 4182 contrarium

620 4203 941 4274 specialiter
963 4201 1324 4276 adprobetur,
1352 4203 1507 4273 quod
1540 4220 1656 4260 non
1682 4205 1877 4259 animo
1902 4205 2291 4277 stipulantium
2317 4209 2428 4263 hoc
2451 4208 2665 4264 factum
2690 4219 2792 4278 est,
2821 4211 2926 4265 sed

619 4298 841 4343 tantum
879 4285 1319 4357 paciscentium'
1350 4287 1481 4358 Dig.
1513 4303 1561 4344 2.
1596 4303 1674 4355 14.
1702 4301 1752 4356 7.
1779 4303 1827 4344 2.
1905 4290 2020 4344 For
2055 4292 2150 4345 the
2189 4291 2427 4362 bearing
2463 4292 2529 4347 of
2548 4295 2577 4362 §
2612 4307 2672 4347 12
2701 4309 2775 4347 on
2811 4293 2926 4349 this

620 4387 717 4426 see
741 4387 795 4440 p.
826 4371 946 4439 389.

692 4457 722 4522 §
750 4456 837 4508 19.
880 4454 991 4508 See
1015 4469 1089 4507 on
1118 4450 1145 4523 ξ
1175 4468 1210 4520 4
1236 4469 1383 4523 supr.

692 4541 722 4606 §
751 4540 851 4594 20.
892 4538 1001 4596 See
1024 4538 1125 4595 the
1158 4548 1294 4595 note
1318 4539 1427 4594 last
1452 4537 1701 4597 referred
1724 4549 1818 4595 to:
1858 4539 1973 4596 and
1997 4539 2084 4596 for
2107 4541 2204 4597 the
2229 4541 2467 4613 liability
2492 4543 2562 4599 of
2575 4551 2726 4600 tutor
2749 4543 2926 4600 hono-
