3230 5116
545 338 675 423 584
939 344 1085 399 INS
1090 342 1235 398 TIT
1241 341 1639 399 UTJONUM
1673 340 1915 395 LIBRI
1948 338 2420 412 QUATTUOR.
2597 338 2728 406 [Lib.
2760 345 2855 395 lv.

485 526 518 579 8
549 509 838 593 capiunt.
919 506 1371 591 Appellantur
1413 514 1641 569 autem
1686 504 2117 588 exceptiones
2160 503 2329 568 aliae
2374 512 2737 587 perpetuae
2780 510 2857 567 et

484 622 519 675 9
547 611 1048 697 peremptoriae,
1107 611 1279 675 aliae
1331 608 1733 693 temporales
1784 618 1853 674 et
1900 608 2262 673 dilatoriae.
2356 610 2721 691 Perpetuae
2779 617 2857 673 et

548 716 1034 800 peremptoriae
1073 724 1245 791 sunt,
1279 734 1450 797 quae
1492 734 1757 795 semper
1794 713 2145 797 agentibus
2186 714 2457 777 obstant
2488 724 2556 777 et
2586 732 2859 795 semper

551 842 688 885 rem
719 820 806 885 de
837 840 968 902 qua
996 819 1214 901 agitur
1243 825 1631 901 peremunt:
1678 816 1891 899 qualis
1921 826 2024 880 est
2066 817 2377 910 exceptio
2418 816 2554 881 doli
2593 816 2750 880 mali
2780 824 2857 880 et

549 926 727 1007 quod
769 933 987 987 metus
1031 943 1230 987 causa
1269 922 1517 985 factum
1563 930 1665 984 est
1697 928 1764 984 et
1804 920 1983 1003 pacti
2025 921 2349 1000 conventi,
2378 941 2532 985 cum
2568 921 2663 985 ita
2696 940 2857 985 con-

455 1038 523 1095 10
541 1027 821 1106 venerit,
881 1047 965 1090 ne
1023 1025 1293 1090 omnino
1353 1023 1633 1109 pecunia
1693 1032 2045 1105 peteretur.
2155 1024 2591 1107 Temporales
2650 1034 2859 1107 atque

549 1131 892 1195 dilatoriae
921 1139 1093 1205 sunt,
1126 1149 1297 1212 quae
1326 1127 1412 1192 ad
1442 1137 1709 1210 tempus
1750 1136 1990 1190 nocent
2022 1135 2089 1191 et
2118 1128 2435 1212 temporis
2466 1128 2857 1193 dilationem

551 1235 885 1299 tribuunt:
927 1234 1140 1317 qualis
1186 1243 1286 1297 est
1329 1230 1508 1314 pacti
1552 1230 1879 1305 conventi,
1924 1250 2075 1295 cum
2112 1234 2507 1311 convenerit,
2554 1253 2637 1297 ne
2680 1233 2861 1299 intra

550 1348 803 1403 certum
864 1347 1129 1420 tempus
1194 1344 1517 1419 ageretur,
1577 1334 1785 1398 veluti
1842 1334 2013 1397 intra
2070 1335 2607 1419 quinquennium.
2696 1358 2859 1401 nam

551 1442 740 1506 finito
785 1462 864 1505 eo
908 1451 1209 1523 tempore
1241 1460 1372 1503 non
1413 1437 1776 1521 impeditur
1802 1446 1989 1502 actor
2028 1459 2167 1503 rem
2210 1441 2502 1522 exsequi.
2576 1459 2733 1524 ergo
2761 1440 2857 1516 hi,

553 1545 793 1629 quibus
845 1546 1018 1608 intra
1069 1554 1336 1625 tempus
1383 1562 1581 1625 agere
1628 1540 2002 1606 volentibus
2049 1542 2332 1606 obicitur
2378 1545 2685 1626 exceptio
2737 1556 2863 1610 aut

551 1649 728 1731 pacti
777 1649 1083 1712 conventi
1131 1656 1246 1712 aut
1291 1645 1422 1710 alia
1480 1644 1729 1723 similis,
1787 1643 2049 1710 differre
2108 1647 2357 1711 debent
2409 1649 2737 1713 actionem
2784 1658 2861 1713 et

552 1761 708 1835 post
736 1761 1002 1834 tempus
1031 1772 1263 1834 agere:
1317 1749 1466 1814 ideo
1503 1748 1681 1813 enim
1721 1757 1789 1813 et
1833 1747 2181 1814 dilatoriae
2217 1750 2385 1815 istae
2426 1752 2861 1835 exceptiones

553 1856 993 1939 appellantur.
1053 1854 1363 1937 alioquin,
1411 1853 1464 1917 si
1510 1852 1681 1915 intra
1723 1862 1989 1935 tempus
2038 1854 2291 1936 egerint
2335 1854 2726 1938 obiectaque
2768 1857 2864 1919 sit

555 1960 883 2042 exceptio,
927 1980 1142 2042 neque
1183 1979 1262 2022 eo
1302 1956 1543 2021 iudicio
1588 1957 1953 2039 quidquam
1991 1968 2547 2040 consequerentur
2587 1968 2864 2043 propter

557 2063 1021 2147 exceptionem
1054 2082 1174 2125 nec
1197 2069 1350 2144 post
1373 2070 1638 2145 tempus
1667 2058 1825 2124 olim
1858 2080 2055 2144 agere
2084 2070 2411 2143 poterant,
2429 2082 2581 2126 cum
2604 2073 2861 2128 temere

558 2188 697 2231 rem
729 2168 794 2231 in
825 2166 1136 2232 iudicium
1169 2165 1588 2229 deducebant
1632 2173 1700 2229 et
1737 2165 2234 2244 consumebant,
2266 2186 2399 2248 qua
2434 2168 2687 2231 ratione
2718 2186 2859 2230 rem

554 2270 972 2335 amittebant.
1076 2268 1277 2333 hodie
1334 2277 1558 2332 autem
1622 2287 1755 2331 non
1826 2267 1918 2330 ita
1982 2268 2206 2332 stricte
2264 2268 2431 2334 haec
2499 2270 2861 2351 procedere

554 2373 878 2449 volumu3‚
911 2373 1028 2436 sed
1073 2393 1244 2450 eum,
1283 2372 1395 2454 qui
1439 2381 1596 2435 ante
1635 2381 1900 2453 tempus
1936 2372 2260 2453 pactionis
2289 2372 2394 2436 vel
2436 2374 2861 2456 obligationis

556 2476 742 2539 litem
801 2475 1039 2540 inferre
1096 2496 1295 2540 ausus
1356 2484 1474 2553 est,
1527 2474 1948 2551 Zenonianae
2009 2478 2461 2541 constitutioni
2522 2477 2861 2541 subiacere

555 2599 918 2657 censemus,
966 2600 1166 2662 quam
1213 2579 1691 2644 sacratissimus
1736 2579 2073 2661 legislator
2116 2579 2202 2644 de
2252 2580 2354 2644 his
2400 2582 2513 2664 qui
2558 2591 2861 2664 tempore

557 2683 707 2765 plus
766 2684 1099 2765 petierunt
1158 2684 1450 2766 protulit,
1511 2692 1584 2748 ut
1644 2693 1713 2746 et
1772 2683 2081 2759 indutias,
2130 2704 2313 2766 quaS,
2367 2686 2423 2749 si
2477 2687 2617 2768 ipse
2673 2695 2863 2749 actor

558 2796 798 2868 sponte
845 2786 1190 2851 indulserit
1232 2787 1338 2850 vel
1382 2796 1619 2851 natura
1663 2787 1941 2851 actionis
1985 2788 2298 2864 continet,
2347 2798 2860 2872 contempserat,

558 2891 627 2953 in
672 2890 948 2972 duplum
993 2889 1285 2954 habeant
1313 2889 1401 2969 hi,
1431 2890 1545 2973 qui
1589 2889 1794 2954 talem
1840 2889 2142 2954 iniuriam
2183 2892 2361 2974 passi
2396 2901 2570 2968 sunt,
2602 2901 2671 2957 et
2707 2904 2863 2974 post

562 3013 674 3057 eas
719 2994 941 3057 finitas
986 3014 1118 3057 non
1171 2993 1363 3058 aliter
1412 2993 1599 3057 litem
1652 2995 2026 3076 suscipiant,
2072 2994 2195 3058 nisi
2248 3014 2480 3061 omnes
2533 3017 2862 3079 expensas

560 3096 695 3162 litis
723 3106 922 3161 antea
951 3098 1341 3183 acceperint,
1374 3107 1450 3162 ut
1479 3106 1739 3162 actores
1780 3097 1899 3161 tali
1940 3118 2157 3181 poena
2198 3101 2525 3182 perterriti
2556 3109 2865 3182 tempora

566 3382 875 3451 divisionis,
901 3401 953 3454 p.
982 3398 1087 3450 412
1113 3401 1265 3454 supr.
1339 3384 1531 3438 Those
1569 3382 1753 3437 which
1781 3399 1876 3438 are
1901 3385 2096 3455 purely
2121 3385 2443 3456 praetorian
2478 3386 2623 3440 form
2647 3403 2684 3440 a
2707 3387 2866 3456 large

563 3465 788 3538 portion
818 3467 884 3520 of
910 3468 1008 3521 the
1045 3467 1372 3536 machinery
1395 3467 1472 3536 by
1497 3466 1680 3522 which
1720 3467 1815 3522 the
1851 3478 2079 3537 praetor
2114 3469 2358 3524 enabled
2394 3470 2587 3541 equity
2610 3479 2671 3524 to
2704 3486 2866 3524 over-

565 3567 728 3604 come
761 3550 858 3604 the
888 3550 1159 3621 hardship
1184 3550 1298 3605 and
1337 3549 1595 3620 injustice
1634 3551 1700 3604 of
1727 3551 1824 3606 the
1860 3550 1947 3604 ius
1985 3550 2185 3620 civile3
2222 3570 2272 3608 e.
2289 3571 2343 3622 g.
2372 3554 2468 3608 the
2503 3551 2867 3623 exceptiones

565 3633 698 3700 doli,
722 3643 924 3702 metus,
949 3633 1119 3704 pacti,
1149 3633 1228 3688 rei
1267 3632 1565 3702 iudicatae,
1597 3633 1712 3688 and
1750 3633 1806 3689 in
1844 3635 2093 3704 sactum3
2129 3635 2229 3690 but
2266 3636 2594 3692 sometimes
2631 3653 2667 3690 a
2702 3653 2868 3706 prae-

565 3715 747 3770 torian
768 3717 958 3770 action
978 3716 1024 3771 is
1043 3717 1291 3786 repelled
1315 3717 1392 3786 by
1407 3734 1444 3771 a
1463 3715 1639 3771 ‘civil’
1664 3717 1959 3787 exception
1982 3735 1996 3786 ;
2034 3735 2080 3773 e.
2093 3735 2149 3788 g.
2168 3720 2265 3774 the
2284 3720 2433 3774 actio
2458 3719 2871 3790 hypothecaria

565 3817 630 3854 or
654 3799 1045 3855 constitutoria
1067 3801 1144 3870 by
1168 3799 1425 3870 exceptio
1453 3797 1576 3855 SC1.
1604 3801 1902 3870 Velleiani,
1930 3801 2064 3872 Dig.
2092 3803 2171 3858 16.
2198 3817 2241 3857 1.
2262 3803 2313 3857 8.
2334 3819 2416 3873 pr.
2440 3823 2455 3869 3
2494 3802 2568 3858 ib.
2590 3818 2673 3872 29·
2691 3820 2772 3873 pr.

641 3881 757 3954 §8.
798 3884 865 3936 In
910 3883 1162 3952 drawing
1203 3883 1316 3938 this
1360 3883 1689 3939 distinction
1728 3883 2011 3954 justinian
2054 3884 2238 3940 would
2274 3886 2419 3942 have
2454 3887 2605 3941 done
2646 3887 2769 3940 well
2806 3895 2872 3942 to

566 3967 751 4021 follow
779 3965 972 4034 Gaius,
999 3966 1126 4020 who
1150 3966 1288 4021 does
1313 3977 1415 4021 not
1440 3966 1532 4034 (iv.
1568 3967 1688 4036 120)
1711 3984 1810 4022 use
1836 3968 1933 4024 the
1958 3968 2290 4024 alternative
2324 3979 2498 4024 terms
2522 3969 2873 4040 temporales

567 4048 682 4104 and
716 4060 1061 4120 perpetuae3
1096 4049 1200 4120 for,
1225 4065 1290 4104 as
1330 4051 1439 4104 Mr.
1469 4051 1640 4105 Poste
1676 4049 1867 4120 points
1906 4061 2020 4120 out,
2047 4050 2105 4105 in
2134 4052 2271 4106 Cod.
2302 4065 2351 4121 5.
2384 4067 2463 4107 12.
2490 4067 2563 4120 30
2584 4051 2701 4106 and
2725 4055 2873 4108 else·

567 4134 754 4187 where
809 4133 824 4162 ‘
841 4133 1167 4204 temporalis
1217 4133 1504 4203 exceptio’
1551 4133 1789 4188 denotes
1838 4133 1935 4189 the
1984 4135 2115 4204 plea
2161 4135 2227 4188 of
2266 4134 2638 4206 prescription
2689 4137 2873 4208 (longi

568 4217 839 4287 temporis
877 4215 1156 4284 exceptio)
1196 4216 1378 4270 which
1417 4234 1531 4270 was
1568 4217 1861 4287 perpetual
1897 4216 2013 4272 and
2049 4228 2427 4288 peremptory.

643 4297 792 4370 §10.
829 4301 954 4355 The
1004 4309 1328 4355 enactment
1377 4300 1444 4354 of
1483 4301 1635 4354 Zeno
1679 4300 1925 4355 referred
1974 4311 2033 4355 to
2084 4301 2252 4371 (Cod.
2278 4317 2324 4370 3.
2361 4317 2439 4356 10.
2474 4300 2522 4370 1)
2566 4302 2672 4358 has
2722 4303 2877 4359 been

571 4382 802 4452 already
829 4382 1145 4455 explained,
1181 4383 1292 4439 Tit.
1318 4384 1367 4438 6.
1397 4377 1464 4452 33
1499 4401 1648 4454 supr.
1676 4384 1792 4438 and
1824 4395 2003 4440 notes.
2082 4385 2285 4440 Under
2318 4385 2617 4456 Justinian,
2644 4387 2809 4442 when
2838 4406 2877 4444 a

573 4466 880 4524 defendant
922 4467 1038 4523 had
1079 4468 1294 4539 proved
1343 4467 1432 4524 his
1476 4467 1717 4540 dilatory
1759 4469 2074 4540 exception,
2124 4470 2197 4526 he
2248 4485 2361 4526 was
2410 4479 2509 4526 not
2552 4471 2879 4544 absolutely
