3230 5116
422 354 646 420 Tit.1o.]
763 353 884 409 DE
926 355 1076 409 HIS
1117 356 1286 410 PER
1330 356 1549 428 QUOS
1587 357 1879 414 AGERE
1919 360 2387 419 POSSUMUS.
2595 357 2719 438 567

1527 578 1614 641 X.

837 754 937 805 DE
984 753 1108 805 HIS
1156 754 1294 804 PER
1341 753 1536 817 QUOS
1583 755 1835 807 AGERE
1884 757 2289 811 POSSUMUS.

502 900 698 965 Nunc
756 903 1160 969 admonendi
1213 924 1439 969 sumus
1491 925 1690 987 agere
1744 926 1938 989 posse
1986 908 2352 990 quemlibet
2418 920 2536 975 aut
2599 932 2721 974 suo

415 1006 683 1070 nomine
729 1016 846 1070 aut
898 1006 1136 1072 alieno.
1210 1008 1426 1071 alieno
1477 1009 1685 1073 veluti
1744 1013 2192 1092 procuratorio
2241 1014 2485 1077 tutorio
2533 1035 2722 1078 cura-

412 1107 604 1184 tori0,
638 1129 788 1173 cum
818 1109 978 1173 olim
1009 1111 1076 1174 in
1107 1132 1228 1176 usu
1259 1113 1488 1177 fuisset
1518 1112 1788 1178 alterius
1820 1116 2089 1179 nomine
2125 1137 2323 1199 agere
2354 1138 2483 1180 non
2517 1138 2718 1200 posse

410 1211 531 1273 nisi
596 1232 715 1294 pro
765 1214 1030 1295 populo,
1082 1236 1203 1297 pro
1260 1215 1584 1295 libertate,
1638 1238 1759 1300 pro
1818 1219 2049 1284 tutela.
2161 1230 2504 1302 praeterea
2564 1221 2716 1304 lege

413 1314 705 1379 Hostilia
750 1319 1139 1399 permissum
1188 1328 1288 1384 est
1333 1319 1487 1383 furti
1532 1341 1729 1403 agere
1770 1341 1998 1386 eorum
2045 1324 2330 1401 nomine,
2374 1326 2487 1406 qui
2534 1326 2712 1407 apud

407 1418 636 1485 hostes
667 1430 887 1485 essent
927 1432 1042 1486 aut
1075 1424 1167 1487 rei
1210 1424 1513 1506 publicae
1551 1446 1747 1490 causa
1790 1427 2099 1491 abessent
2136 1429 2332 1510 quive
2375 1429 2441 1491 in
2484 1449 2711 1493 eorum

410 1525 592 1587 cuius
645 1525 855 1590 tutela
904 1536 1144 1591 essent.
1222 1536 1290 1591 et
1333 1529 1490 1611 quia
1534 1527 1662 1593 hoc
1708 1551 1841 1593 non
1887 1530 2229 1596 minimam
2282 1531 2717 1596 incommodi-

404 1636 617 1693 tatem
648 1629 956 1706 habebat,
989 1633 1168 1713 quod
1215 1632 1432 1696 alieno
1479 1634 1746 1697 nomine
1786 1654 2001 1715 neque
2047 1655 2243 1717 agere
2285 1656 2499 1718 neque
2530 1638 2712 1701 exci-

405 1752 562 1814 pere
621 1735 948 1798 actionem
1010 1734 1271 1812 licebat,
1322 1745 1681 1819 coeperunt
1733 1736 2037 1801 homines
2090 1759 2210 1821 per
2261 1750 2715 1821 procuratores

405 1980 666 2051 perlegis
683 1980 944 2052 Aquiliae
964 1983 1247 2038 actionem
1273 1980 1601 2037 iniuriarum
1628 1982 1902 2050 consumi,
1929 1984 2199 2054 quoniam
2224 1986 2391 2041 desiit
2415 1987 2629 2041 bonum
2657 2000 2713 2043 et

401 2081 646 2135 aequum
683 2082 810 2120 esse
848 2066 1214 2121 condemnari
1240 2084 1390 2135 eum,
1421 2065 1516 2136 qui
1543 2066 1999 2121 aestimationem
2036 2068 2334 2137 praestitit,
2360 2070 2464 2125 sed
2501 2070 2549 2124 si
2576 2082 2709 2126 ante

401 2148 728 2203 iniuriarum
754 2159 944 2203 actum
964 2160 1132 2219 esset,
1152 2149 1330 2205 teneri
1357 2167 1488 2204 eum
1509 2167 1578 2204 ex
1598 2150 1723 2218 lege
1742 2148 1988 2220 Aquilia.
2042 2151 2158 2205 Sed
2182 2162 2237 2207 et
2262 2153 2407 2207 haec
2428 2153 2713 2209 sententia
2816 2200 2823 2205 .

403 2249 506 2301 per
539 2242 856 2301 praetorem
892 2232 1204 2288 inhibenda
1236 2242 1341 2301 est,
1379 2231 1488 2287 nisi
1527 2232 1584 2287 in
1630 2232 1704 2301 id,
1740 2234 1896 2304 quod
1938 2233 2181 2303 amplius
2219 2252 2287 2289 ex
2323 2236 2447 2305 lege
2484 2236 2713 2307 Aquilia

400 2316 688 2386 competit,
727 2327 966 2385 agatur:
1010 2316 1401 2371 rationabilius
1445 2316 1637 2387 itaque
1680 2328 1783 2386 est,
1822 2334 1951 2371 eam
1994 2317 2217 2373 admitti
2256 2319 2614 2390 sententiam,
2650 2332 2711 2375 ut

396 2398 564 2454 liceat
591 2398 642 2455 ei
669 2417 839 2471 quam
865 2399 1102 2456 voluerit
1141 2400 1425 2456 actionem
1462 2400 1619 2470 prius
1655 2418 1936 2470 exercere,
1966 2402 2120 2472 quod
2156 2412 2347 2457 autern
2378 2404 2621 2473 amplius
2652 2403 2711 2457 in

393 2483 571 2538 altera
627 2494 731 2551 est,
777 2483 950 2539 etiam
994 2485 1104 2539 hoc
1150 2483 1414 2555 exsequi'
1461 2483 1594 2553 Dig.
1634 2498 1722 2551 44.
1762 2496 1808 2549 7.
1851 2499 1933 2552 34.
1976 2502 2077 2555 pr.,
2118 2484 2197 2539 ‘si
2242 2486 2434 2540 furtim
2477 2487 2707 2541 arbores

397 2584 600 2622 caesae
638 2566 766 2636 sint,
805 2579 861 2623 et
903 2586 971 2623 ex
1007 2570 1132 2639 lege
1169 2569 1399 2640 Aquilia
1435 2578 1491 2623 et
1529 2587 1598 2623 ex
1634 2568 1937 2623 duodecim
1975 2570 2293 2624 tabularum
2331 2570 2581 2625 dandam
2616 2588 2709 2626 ac-

394 2651 609 2705 tionem
650 2651 842 2706 Labeo
878 2651 976 2707 ait.
1058 2653 1172 2707 Sed
1211 2651 1528 2720 Trebatius,
1569 2652 1650 2706 ita
1688 2662 1985 2722 utramque
2030 2653 2297 2722 dandam,
2336 2664 2395 2708 ut
2442 2653 2609 2709 iudex
2647 2654 2703 2708 in

400 2733 712 2804 posteriore
731 2735 976 2790 deducat
998 2735 1072 2804 id,
1093 2736 1246 2808 quod
1263 2753 1332 2790 ex
1350 2735 1532 2806 prima
1552 2745 1891 2790 consecutus
1916 2734 2006 2804 sit,
2026 2745 2082 2791 et
2108 2736 2323 2807 reliquo
2345 2736 2711 2792 condemnet'

399 2817 530 2886 Dig.
553 2831 636 2884 47.
667 2831 713 2884 7.
749 2837 792 2887 1,
831 2820 846 2846 ‘
866 2817 960 2889 qui
996 2836 1116 2874 rem
1150 2818 1352 2889 rapuit,
1379 2829 1436 2874 et
1470 2817 1600 2872 furti
1640 2835 1747 2872 nec
1784 2818 2068 2873 manifesti
2104 2828 2330 2873 tenetur
2360 2818 2417 2871 in
2451 2819 2705 2888 duplum,

394 2910 451 2954 et
491 2900 542 2955 vi
582 2912 869 2971 raptorum
907 2902 965 2956 in
1004 2902 1416 2973 quadruplum:
1455 2901 1558 2956 sed
1595 2899 1643 2954 si
1683 2911 1817 2955 ante
1850 2910 2042 2955 actum
2076 2901 2149 2956 sit
2180 2900 2235 2955 vi
2274 2901 2553 2955 bonorum
2579 2918 2705 2970 rap-

397 2992 600 3053 torum,
621 2984 961 3054 deneganda
985 2995 1070 3040 est
1097 2984 1244 3054 furti,
1266 2983 1312 3040 si
1339 2994 1472 3039 ante
1496 2983 1629 3038 furti
1655 2993 1845 3038 actum
1870 2983 1961 3052 sit,
1983 3000 2095 3037 non
2123 2995 2209 3038 est
2234 2983 2331 3037 illa
2350 2983 2705 3054 deneganda,

393 3077 454 3122 ut
487 3078 680 3122 tamen
721 3068 794 3137 id,
821 3069 974 3140 quod
1007 3068 1249 3138 amplius
1289 3067 1346 3122 in
1382 3085 1452 3123 ea
1487 3068 1577 3137 sit,
1618 3069 2025 3138 consequatur'
2052 3067 2185 3136 Dig.
2212 3081 2295 3135 47.
2327 3083 2372 3121 2.
2403 3069 2486 3122 88.
2564 3067 2705 3122 This

394 3151 722 3206 conclusion
761 3169 946 3207 seems
985 3161 1042 3207 at
1082 3153 1199 3208 first
1239 3151 1389 3221 sight
1426 3162 1488 3207 to
1523 3152 1596 3206 be
1635 3150 2028 3206 contradicted
2064 3151 2141 3220 by
2166 3168 2201 3206 a
2239 3150 2453 3205 dictum
2481 3151 2546 3205 of
2578 3153 2704 3204 Mo·

392 3234 666 3304 destinus,
706 3235 899 3306 ‘plura
939 3235 1148 3291 delicta
1187 3234 1246 3289 in
1288 3253 1402 3290 una
1445 3253 1504 3290 re
1545 3236 1733 3306 plures
1779 3233 2085 3290 admittunt
2129 3234 2401 3301 actiones,
2440 3234 2545 3288 sed
2590 3251 2705 3288 non

393 3335 564 3388 posse
602 3319 865 3375 omnibus
905 3318 985 3374 uti
1035 3320 1337 3389 probatum
1380 3329 1502 3374 est:
1553 3333 1688 3374 nam
1740 3317 1787 3373 si
1839 3336 1907 3373 ex
1949 3335 2065 3372 una
2113 3317 2458 3387 obligatione
2513 3319 2701 3389 plures

394 3402 647 3458 actiones
683 3413 1008 3472 nascuntur,
1045 3420 1160 3458 una
1195 3402 1609 3470 tantummod0‚
1648 3417 1762 3456 non
1802 3401 2065 3456 omnibus
2103 3401 2377 3456 utendum
2416 3403 2533 3456 est'
2565 3400 2702 3471 Dig.

393 3501 481 3553 44.
511 3500 560 3554 7.
591 3499 670 3556 53.
699 3504 779 3557 pr.
805 3508 820 3554 ;
855 3488 956 3542 but
994 3487 1107 3542 this
1145 3504 1278 3556 may
1310 3486 1384 3541 be
1419 3487 1593 3541 taken
1632 3495 1692 3540 to
1729 3501 1897 3540 mean
1936 3486 2058 3539 that
2090 3485 2187 3540 the
2224 3485 2442 3539 several
2479 3483 2699 3540 actions

395 3581 602 3624 cannot
627 3572 702 3625 all
726 3571 800 3626 be
824 3570 1067 3640 brought
1095 3569 1227 3624 with
1254 3569 1351 3623 full
1377 3569 1543 3624 effect
1568 3588 1582 3634 3
1620 3567 1737 3622 and
1765 3568 1862 3623 the
1888 3567 2241 3637 proposition
2266 3567 2453 3622 would
2476 3568 2551 3623 be
2576 3577 2699 3623 true

392 3651 706 3723 invariably
730 3655 778 3708 if
795 3656 892 3709 the
919 3654 1135 3724 injured
1162 3671 1386 3724 person,
1416 3654 1600 3707 where
1626 3652 1699 3706 he
1724 3650 1840 3705 had
1871 3668 1945 3705 an
1971 3650 2320 3719 alternative,
2346 3668 2460 3705 was
2488 3651 2699 3706 careful

392 3737 618 3804 enough
657 3748 714 3792 to
753 3738 926 3793 select
969 3739 1067 3792 the
1102 3737 1338 3808 remedy
1372 3737 1451 3806 by
1486 3735 1670 3790 which
1706 3735 1779 3790 he
1822 3735 1991 3790 could
2032 3752 2264 3790 recover
2306 3736 2403 3790 the
2442 3734 2698 3790 beaviest

391 3821 640 3889 penalty.

459 3905 580 3956 Tit.
601 3905 680 3956 X
725 3903 808 3956 Of
836 3904 932 3958 the
969 3902 1296 3973 exceptions
1332 3913 1392 3958 to
1429 3903 1526 3958 the
1564 3902 1661 3957 old
1700 3903 1819 3956 rule
1852 3918 2024 3956 nemo
2058 3901 2245 3956 alieno
2272 3901 2500 3957 nomine
2526 3919 2695 3972 agere

390 3993 578 4052 potest
617 3984 772 4054 (Dig.
807 3998 884 4054 50.
922 3999 997 4052 17.
1034 3985 1154 4054 123)
1196 3986 1329 4055 ‘pro
1365 3986 1608 4056 populo’
1645 3985 1819 4040 refers
1856 3996 1915 4040 to
1952 3985 2049 4039 the
2086 3984 2341 4040 actiones
2376 3986 2696 4055 populares,

389 4067 505 4122 and
547 4068 680 4138 ‘pro
723 4067 1011 4123 libertate’
1051 4067 1306 4123 includes
1348 4068 1761 4123 manumission
1804 4084 1904 4136 per
1942 4067 2270 4135 vindictam,
2308 4085 2362 4137 p.
2406 4080 2501 4134 107
2543 4083 2691 4138 supr.

393 4151 654 4222 Nothing
685 4152 900 4206 further
932 4151 980 4206 is
1013 4153 1220 4206 known
1255 4152 1319 4205 of
1347 4152 1444 4206 the
1481 4153 1572 4206 lex
1609 4151 1873 4206 Hostilia.
1947 4153 2123 4206 What
2160 4151 2206 4206 is
2232 4161 2423 4206 meant
2456 4150 2533 4220 by
2561 4150 2693 4220 ‘pro

388 4236 596 4290 tutela'
633 4235 690 4289 in
730 4236 828 4289 the
866 4244 981 4289 text
1023 4233 1070 4289 is
1102 4235 1271 4288 much
1307 4233 1610 4304 disputed3
1650 4234 2014 4304 Theophilus'
2048 4233 2409 4304 explanation
2444 4233 2509 4286 of
2538 4233 2580 4287 it
2618 4233 2695 4303 by

390 4319 705 4389 supposing
745 4335 782 4374 a
825 4318 935 4373 suit
982 4319 1238 4372 between
1279 4328 1390 4373 two
1439 4334 1503 4371 or
1551 4335 1708 4373 more
1757 4335 1993 4388 persons
2042 4317 2310 4387 claiming
2352 4335 2387 4371 a
2431 4317 2605 4370 tutela
2644 4316 2689 4370 is

387 4404 676 4472 generally
717 4402 982 4472 rejected,
1021 4400 1136 4456 and
1179 4401 1426 4471 perhaps
1470 4400 1512 4455 it
1557 4417 1690 4469 may
1732 4402 1804 4456 be
1846 4402 1997 4472 right
2046 4412 2105 4457 to
2150 4400 2499 4456 understand
2542 4399 2585 4455 it
2634 4400 2700 4454 os

384 4486 608 4542 actions
635 4487 878 4558 brought
911 4487 1200 4557 generally
1224 4486 1300 4558 by
1325 4487 1421 4542 the
1447 4495 1598 4541 tutor
1623 4486 1681 4541 in
1706 4486 1941 4542 relation
1967 4496 2027 4542 to
2061 4488 2157 4542 the
2183 4485 2380 4541 ward’s
2404 4494 2689 4557 property.
