<?xml version="1.0" encoding="UTF-8"?>
<!DOCTYPE html PUBLIC "-//W3C//DTD XHTML 1.0 Transitional//EN"
    "http://www.w3.org/TR/xhtml1/DTD/xhtml1-transitional.dtd">
<html xmlns="http://www.w3.org/1999/xhtml" xml:lang="en" lang="en">
 <head>
  <title>
</title>
<meta http-equiv="Content-Type" content="text/html;charset=utf-8" />
  <meta name='ocr-system' content='tesseract 3.04.00' />
  <meta name='ocr-capabilities' content='ocr_page ocr_carea ocr_par ocr_line ocrx_word'/>
</head>
<body>
  <div class='ocr_page' id='page_1' title='image "./imperatorislust01unkngoog_0351.png"; bbox 0 0 3230 5116; ppageno 0'>
   <div class='ocr_carea' id='block_1_1' title="bbox 373 405 2682 490">
    <p class='ocr_par' dir='ltr' id='par_1_1' title="bbox 373 405 2682 490">
     <span class='ocr_line' id='line_1_1' title="bbox 373 405 2682 490; baseline 0.004 -24"><span class='ocrx_word' id='word_1_1' title='bbox 373 413 477 466; x_wconf 69' lang='lat' dir='ltr'>Ta.</span> <span class='ocrx_word' id='word_1_2' title='bbox 505 407 576 474; x_wconf 86' lang='lat'>1.]</span> <span class='ocrx_word' id='word_1_3' title='bbox 965 405 1090 465; x_wconf 76' lang='lat' dir='ltr'>DE</span> <span class='ocrx_word' id='word_1_4' title='bbox 1129 408 1578 467; x_wconf 78' lang='lat' dir='ltr'><em>HEREDITA</em></span> <span class='ocrx_word' id='word_1_5' title='bbox 1590 409 1731 467; x_wconf 79' lang='lat' dir='ltr'>TJB</span> <span class='ocrx_word' id='word_1_6' title='bbox 1739 411 1855 483; x_wconf 85' lang='lat' dir='ltr'>US,</span> <span class='ocrx_word' id='word_1_7' title='bbox 1902 409 2086 471; x_wconf 83' lang='lat' dir='ltr'>ETC.</span> <span class='ocrx_word' id='word_1_8' title='bbox 2554 423 2682 490; x_wconf 85' lang='lat'>339</span> 
     </span>
    </p>
   </div>
   <div class='ocr_carea' id='block_1_2' title="bbox 370 571 2749 3159">
    <p class='ocr_par' dir='ltr' id='par_1_2' title="bbox 370 571 2749 3159">
     <span class='ocr_line' id='line_1_2' title="bbox 373 571 2745 652; baseline 0.003 -15"><span class='ocrx_word' id='word_1_9' title='bbox 373 591 522 638; x_wconf 89' lang='lat' dir='ltr'>esse</span> <span class='ocrx_word' id='word_1_10' title='bbox 574 591 768 637; x_wconf 89' lang='lat' dir='ltr'>suum</span> <span class='ocrx_word' id='word_1_11' title='bbox 812 571 1147 652; x_wconf 86' lang='lat' dir='ltr'>heredem,</span> <span class='ocrx_word' id='word_1_12' title='bbox 1197 573 1316 638; x_wconf 91' lang='lat' dir='ltr'>sed</span> <span class='ocrx_word' id='word_1_13' title='bbox 1368 573 1684 640; x_wconf 87' lang='lat' dir='ltr'>desinere.</span> <span class='ocrx_word' id='word_1_14' title='bbox 1777 574 1948 648; x_wconf 87' lang='lat' dir='ltr'>Cum</span> <span class='ocrx_word' id='word_1_15' title='bbox 2001 574 2174 640; x_wconf 88' lang='lat' dir='ltr'>filius</span> <span class='ocrx_word' id='word_1_16' title='bbox 2220 574 2439 648; x_wconf 82' lang='lat' dir='ltr'>filiave</span> <span class='ocrx_word' id='word_1_17' title='bbox 2486 584 2555 642; x_wconf 92' lang='lat' dir='ltr'>et</span> <span class='ocrx_word' id='word_1_18' title='bbox 2595 599 2683 643; x_wconf 86' lang='lat' dir='ltr'>ex</span> <span class='ocrx_word' id='word_1_19' title='bbox 2710 589 2745 646; x_wconf 89' lang='lat'>6</span> 
     </span>
     <span class='ocr_line' id='line_1_3' title="bbox 371 676 2683 763; baseline 0.002 -21"><span class='ocrx_word' id='word_1_20' title='bbox 371 676 587 742; x_wconf 88' lang='lat' dir='ltr'>altero</span> <span class='ocrx_word' id='word_1_21' title='bbox 645 677 783 742; x_wconf 89' lang='lat' dir='ltr'>filio</span> <span class='ocrx_word' id='word_1_22' title='bbox 843 697 1050 761; x_wconf 90' lang='lat' dir='ltr'>nepos</span> <span class='ocrx_word' id='word_1_23' title='bbox 1110 678 1414 761; x_wconf 82' lang='lat' dir='ltr'>neptisve</span> <span class='ocrx_word' id='word_1_24' title='bbox 1473 687 1733 756; x_wconf 83' lang='lat' dir='ltr'>extant,</span> <span class='ocrx_word' id='word_1_25' title='bbox 1794 680 2043 763; x_wconf 86' lang='lat' dir='ltr'>pariter</span> <span class='ocrx_word' id='word_1_26' title='bbox 2097 680 2185 744; x_wconf 91' lang='lat' dir='ltr'>ad</span> <span class='ocrx_word' id='word_1_27' title='bbox 2244 679 2683 747; x_wconf 84' lang='lat' dir='ltr'>hereditatem</span> 
     </span>
     <span class='ocr_line' id='line_1_4' title="bbox 370 781 2683 866; baseline 0.003 -22"><span class='ocrx_word' id='word_1_28' title='bbox 370 788 696 846; x_wconf 86' lang='lat' dir='ltr'>vocantur</span> <span class='ocrx_word' id='word_1_29' title='bbox 739 801 860 846; x_wconf 90' lang='lat' dir='ltr'>nec</span> <span class='ocrx_word' id='word_1_30' title='bbox 904 781 1016 865; x_wconf 91' lang='lat' dir='ltr'>qui</span> <span class='ocrx_word' id='word_1_31' title='bbox 1074 782 1284 866; x_wconf 89' lang='lat' dir='ltr'>gradu</span> <span class='ocrx_word' id='word_1_32' title='bbox 1346 783 1716 865; x_wconf 86' lang='lat' dir='ltr'>proximior</span> <span class='ocrx_word' id='word_1_33' title='bbox 1762 791 1863 848; x_wconf 91' lang='lat' dir='ltr'>est</span> <span class='ocrx_word' id='word_1_34' title='bbox 1914 782 2293 849; x_wconf 88' lang='lat' dir='ltr'>ulteriorem</span> <span class='ocrx_word' id='word_1_35' title='bbox 2343 783 2683 850; x_wconf 79' lang='lat' dir='ltr'>excludit:</span> 
     </span>
     <span class='ocr_line' id='line_1_5' title="bbox 372 884 2684 971; baseline 0.002 -23"><span class='ocrx_word' id='word_1_36' title='bbox 372 903 663 968; x_wconf 91' lang='lat' dir='ltr'>aequum</span> <span class='ocrx_word' id='word_1_37' title='bbox 716 884 912 950; x_wconf 90' lang='lat' dir='ltr'>enim·</span> <span class='ocrx_word' id='word_1_38' title='bbox 953 905 1100 951; x_wconf 88' lang='lat' dir='ltr'>esse</span> <span class='ocrx_word' id='word_1_39' title='bbox 1147 885 1412 952; x_wconf 89' lang='lat' dir='ltr'>videtur</span> <span class='ocrx_word' id='word_1_40' title='bbox 1456 895 1735 971; x_wconf 78' lang='lat' dir='ltr'>nepotes</span> <span class='ocrx_word' id='word_1_41' title='bbox 1792 895 2160 971; x_wconf 88' lang='lat' dir='ltr'>neptesque</span> <span class='ocrx_word' id='word_1_42' title='bbox 2210 887 2278 952; x_wconf 92' lang='lat' dir='ltr'>in</span> <span class='ocrx_word' id='word_1_43' title='bbox 2324 888 2533 971; x_wconf 91' lang='lat' dir='ltr'>patris</span> <span class='ocrx_word' id='word_1_44' title='bbox 2584 888 2684 953; x_wconf 91' lang='lat' dir='ltr'>sui</span> 
     </span>
     <span class='ocr_line' id='line_1_6' title="bbox 371 987 2685 1075; baseline 0.002 -23"><span class='ocrx_word' id='word_1_45' title='bbox 371 987 596 1053; x_wconf 89' lang='lat' dir='ltr'>locum</span> <span class='ocrx_word' id='word_1_46' title='bbox 649 990 1020 1054; x_wconf 87' lang='lat' dir='ltr'>succedere.</span> <span class='ocrx_word' id='word_1_47' title='bbox 1108 989 1252 1074; x_wconf 87' lang='lat' dir='ltr'>pari</span> <span class='ocrx_word' id='word_1_48' title='bbox 1299 988 1555 1054; x_wconf 90' lang='lat' dir='ltr'>ratione</span> <span class='ocrx_word' id='word_1_49' title='bbox 1603 999 1673 1054; x_wconf 92' lang='lat' dir='ltr'>et</span> <span class='ocrx_word' id='word_1_50' title='bbox 1726 989 1780 1052; x_wconf 92' lang='lat' dir='ltr'>si</span> <span class='ocrx_word' id='word_1_51' title='bbox 1822 1009 2029 1074; x_wconf 91' lang='lat' dir='ltr'>nepos</span> <span class='ocrx_word' id='word_1_52' title='bbox 2074 990 2422 1075; x_wconf 88' lang='lat' dir='ltr'>neptisque</span> <span class='ocrx_word' id='word_1_53' title='bbox 2464 991 2551 1057; x_wconf 89' lang='lat' dir='ltr'>sit</span> <span class='ocrx_word' id='word_1_54' title='bbox 2596 1012 2685 1056; x_wconf 89' lang='lat' dir='ltr'>ex</span> 
     </span>
     <span class='ocr_line' id='line_1_7' title="bbox 373 1091 2686 1178; baseline 0.003 -22"><span class='ocrx_word' id='word_1_55' title='bbox 373 1091 516 1156; x_wconf 88' lang='lat' dir='ltr'>filio</span> <span class='ocrx_word' id='word_1_56' title='bbox 551 1100 622 1158; x_wconf 91' lang='lat' dir='ltr'>et</span> <span class='ocrx_word' id='word_1_57' title='bbox 667 1113 756 1158; x_wconf 89' lang='lat' dir='ltr'>ex</span> <span class='ocrx_word' id='word_1_58' title='bbox 797 1101 1044 1177; x_wconf 91' lang='lat' dir='ltr'>nepote</span> <span class='ocrx_word' id='word_1_59' title='bbox 1086 1114 1419 1178; x_wconf 87' lang='lat' dir='ltr'>pronepos</span> <span class='ocrx_word' id='word_1_60' title='bbox 1461 1094 1904 1178; x_wconf 86' lang='lat' dir='ltr'>proneptisve,</span> <span class='ocrx_word' id='word_1_61' title='bbox 1952 1094 2150 1158; x_wconf 88' lang='lat' dir='ltr'>simul</span> <span class='ocrx_word' id='word_1_62' title='bbox 2187 1102 2527 1160; x_wconf 90' lang='lat' dir='ltr'>vocantur.</span> <span class='ocrx_word' id='word_1_63' title='bbox 2617 1104 2686 1162; x_wconf 90' lang='lat' dir='ltr'>et</span> 
     </span>
     <span class='ocr_line' id='line_1_8' title="bbox 375 1195 2685 1282; baseline 0.002 -23"><span class='ocrx_word' id='word_1_64' title='bbox 375 1195 536 1279; x_wconf 91' lang='lat' dir='ltr'>quia</span> <span class='ocrx_word' id='word_1_65' title='bbox 565 1195 814 1279; x_wconf 86' lang='lat' dir='ltr'>placuit</span> <span class='ocrx_word' id='word_1_66' title='bbox 845 1207 1123 1281; x_wconf 86' lang='lat' dir='ltr'>nepotes</span> <span class='ocrx_word' id='word_1_67' title='bbox 1153 1207 1540 1280; x_wconf 86' lang='lat' dir='ltr'>neptesque,</span> <span class='ocrx_word' id='word_1_68' title='bbox 1573 1197 1737 1261; x_wconf 91' lang='lat' dir='ltr'>item</span> <span class='ocrx_word' id='word_1_69' title='bbox 1766 1204 2167 1281; x_wconf 90' lang='lat' dir='ltr'>pronepotes</span> <span class='ocrx_word' id='word_1_70' title='bbox 2196 1205 2685 1282; x_wconf 88' lang='lat' dir='ltr'>proneptesque</span> 
     </span>
     <span class='ocr_line' id='line_1_9' title="bbox 376 1300 2685 1389; baseline 0.001 -25"><span class='ocrx_word' id='word_1_71' title='bbox 376 1301 448 1364; x_wconf 88' lang='lat' dir='ltr'>in</span> <span class='ocrx_word' id='word_1_72' title='bbox 477 1301 770 1389; x_wconf 75' lang='lat' dir='ltr'>parentis</span> <span class='ocrx_word' id='word_1_73' title='bbox 799 1302 898 1365; x_wconf 91' lang='lat' dir='ltr'>sui</span> <span class='ocrx_word' id='word_1_74' title='bbox 931 1301 1150 1366; x_wconf 89' lang='lat' dir='ltr'>locum</span> <span class='ocrx_word' id='word_1_75' title='bbox 1179 1300 1547 1380; x_wconf 90' lang='lat' dir='ltr'>succedere,</span> <span class='ocrx_word' id='word_1_76' title='bbox 1571 1302 1969 1366; x_wconf 88' lang='lat' dir='ltr'>conveniens</span> <span class='ocrx_word' id='word_1_77' title='bbox 2000 1321 2143 1366; x_wconf 90' lang='lat' dir='ltr'>esse</span> <span class='ocrx_word' id='word_1_78' title='bbox 2172 1302 2387 1366; x_wconf 90' lang='lat' dir='ltr'>visum</span> <span class='ocrx_word' id='word_1_79' title='bbox 2419 1309 2521 1367; x_wconf 88' lang='lat' dir='ltr'>est</span> <span class='ocrx_word' id='word_1_80' title='bbox 2550 1321 2685 1366; x_wconf 91' lang='lat' dir='ltr'>non</span> 
     </span>
     <span class='ocr_line' id='line_1_10' title="bbox 376 1403 2685 1498; baseline 0.001 -31"><span class='ocrx_word' id='word_1_81' title='bbox 376 1404 447 1468; x_wconf 93' lang='lat' dir='ltr'>in</span> <span class='ocrx_word' id='word_1_82' title='bbox 486 1405 724 1487; x_wconf 88' lang='lat' dir='ltr'>capita,</span> <span class='ocrx_word' id='word_1_83' title='bbox 766 1406 887 1469; x_wconf 90' lang='lat' dir='ltr'>sed</span> <span class='ocrx_word' id='word_1_84' title='bbox 935 1405 1003 1470; x_wconf 91' lang='lat' dir='ltr'>in</span> <span class='ocrx_word' id='word_1_85' title='bbox 1043 1407 1282 1489; x_wconf 88' lang='lat' dir='ltr'>stirpes</span> <span class='ocrx_word' id='word_1_86' title='bbox 1328 1403 1773 1470; x_wconf 89' lang='lat' dir='ltr'>hereditatem</span> <span class='ocrx_word' id='word_1_87' title='bbox 1815 1404 2040 1481; x_wconf 90' lang='lat' dir='ltr'>dividi,</span> <span class='ocrx_word' id='word_1_88' title='bbox 2090 1413 2165 1470; x_wconf 90' lang='lat' dir='ltr'>ut</span> <span class='ocrx_word' id='word_1_89' title='bbox 2208 1403 2381 1498; x_wconf 87' lang='lat' dir='ltr'>filius</span> <span class='ocrx_word' id='word_1_90' title='bbox 2424 1413 2685 1490; x_wconf 88' lang='lat' dir='ltr'>partem</span> 
     </span>
     <span class='ocr_line' id='line_1_11' title="bbox 375 1507 2686 1594; baseline 0.002 -22"><span class='ocrx_word' id='word_1_91' title='bbox 375 1507 726 1572; x_wconf 89' lang='lat' dir='ltr'>dimidiam</span> <span class='ocrx_word' id='word_1_92' title='bbox 770 1508 1159 1574; x_wconf 89' lang='lat' dir='ltr'>hereditatis</span> <span class='ocrx_word' id='word_1_93' title='bbox 1210 1509 1458 1575; x_wconf 91' lang='lat' dir='ltr'>habeat</span> <span class='ocrx_word' id='word_1_94' title='bbox 1503 1516 1572 1575; x_wconf 91' lang='lat' dir='ltr'>et</span> <span class='ocrx_word' id='word_1_95' title='bbox 1621 1529 1709 1573; x_wconf 88' lang='lat' dir='ltr'>ex</span> <span class='ocrx_word' id='word_1_96' title='bbox 1763 1508 1975 1573; x_wconf 90' lang='lat' dir='ltr'>altero</span> <span class='ocrx_word' id='word_1_97' title='bbox 2023 1508 2161 1574; x_wconf 87' lang='lat' dir='ltr'>filio</span> <span class='ocrx_word' id='word_1_98' title='bbox 2206 1508 2339 1575; x_wconf 90' lang='lat' dir='ltr'>duo</span> <span class='ocrx_word' id='word_1_99' title='bbox 2384 1509 2686 1594; x_wconf 89' lang='lat' dir='ltr'>pluresve</span> 
     </span>
     <span class='ocr_line' id='line_1_12' title="bbox 376 1612 2685 1698; baseline 0.002 -22"><span class='ocrx_word' id='word_1_100' title='bbox 376 1620 658 1695; x_wconf 89' lang='lat' dir='ltr'>nepotes</span> <span class='ocrx_word' id='word_1_101' title='bbox 701 1613 978 1678; x_wconf 90' lang='lat' dir='ltr'>alteram</span> <span class='ocrx_word' id='word_1_102' title='bbox 1018 1614 1383 1679; x_wconf 87' lang='lat' dir='ltr'>dimidiam.</span> <span class='ocrx_word' id='word_1_103' title='bbox 1472 1613 1635 1680; x_wconf 91' lang='lat' dir='ltr'>item</span> <span class='ocrx_word' id='word_1_104' title='bbox 1680 1612 1736 1677; x_wconf 91' lang='lat' dir='ltr'>si</span> <span class='ocrx_word' id='word_1_105' title='bbox 1782 1634 1872 1679; x_wconf 89' lang='lat' dir='ltr'>ex</span> <span class='ocrx_word' id='word_1_106' title='bbox 1911 1614 2170 1678; x_wconf 89' lang='lat' dir='ltr'>duobus</span> <span class='ocrx_word' id='word_1_107' title='bbox 2215 1613 2365 1678; x_wconf 87' lang='lat' dir='ltr'>filiis</span> <span class='ocrx_word' id='word_1_108' title='bbox 2407 1621 2685 1698; x_wconf 87' lang='lat' dir='ltr'>nepotes</span> 
     </span>
     <span class='ocr_line' id='line_1_13' title="bbox 379 1716 2686 1794; baseline 0.002 -14"><span class='ocrx_word' id='word_1_109' title='bbox 379 1724 615 1781; x_wconf 81' lang='lat' dir='ltr'>extant</span> <span class='ocrx_word' id='word_1_110' title='bbox 674 1726 742 1782; x_wconf 90' lang='lat' dir='ltr'>et</span> <span class='ocrx_word' id='word_1_111' title='bbox 791 1738 880 1782; x_wconf 90' lang='lat' dir='ltr'>ex</span> <span class='ocrx_word' id='word_1_112' title='bbox 931 1717 1143 1784; x_wconf 87' lang='lat' dir='ltr'>altero</span> <span class='ocrx_word' id='word_1_113' title='bbox 1195 1739 1364 1782; x_wconf 89' lang='lat' dir='ltr'>unus</span> <span class='ocrx_word' id='word_1_114' title='bbox 1411 1717 1583 1782; x_wconf 83' lang='lat' dir='ltr'>sorte</span> <span class='ocrx_word' id='word_1_115' title='bbox 1630 1725 1748 1782; x_wconf 89' lang='lat' dir='ltr'>aut</span> <span class='ocrx_word' id='word_1_116' title='bbox 1795 1717 1947 1794; x_wconf 91' lang='lat' dir='ltr'>du0,</span> <span class='ocrx_word' id='word_1_117' title='bbox 1991 1738 2081 1782; x_wconf 90' lang='lat' dir='ltr'>ex</span> <span class='ocrx_word' id='word_1_118' title='bbox 2132 1716 2341 1783; x_wconf 90' lang='lat' dir='ltr'>altero</span> <span class='ocrx_word' id='word_1_119' title='bbox 2389 1728 2522 1785; x_wconf 90' lang='lat' dir='ltr'>tres</span> <span class='ocrx_word' id='word_1_120' title='bbox 2568 1727 2686 1784; x_wconf 90' lang='lat' dir='ltr'>aut</span> 
     </span>
     <span class='ocr_line' id='line_1_14' title="bbox 377 1812 2684 1906; baseline 0.002 -23"><span class='ocrx_word' id='word_1_121' title='bbox 377 1829 713 1903; x_wconf 91' lang='lat' dir='ltr'>quattuor,</span> <span class='ocrx_word' id='word_1_122' title='bbox 743 1821 831 1886; x_wconf 92' lang='lat' dir='ltr'>ad</span> <span class='ocrx_word' id='word_1_123' title='bbox 861 1812 1067 1887; x_wconf 85' lang='lat' dir='ltr'>unum</span> <span class='ocrx_word' id='word_1_124' title='bbox 1097 1831 1214 1888; x_wconf 91' lang='lat' dir='ltr'>aut</span> <span class='ocrx_word' id='word_1_125' title='bbox 1245 1822 1414 1886; x_wconf 91' lang='lat' dir='ltr'>duos</span> <span class='ocrx_word' id='word_1_126' title='bbox 1442 1820 1723 1886; x_wconf 90' lang='lat' dir='ltr'>dimidia</span> <span class='ocrx_word' id='word_1_127' title='bbox 1766 1840 1919 1906; x_wconf 90' lang='lat' dir='ltr'>pars</span> <span class='ocrx_word' id='word_1_128' title='bbox 1956 1823 2261 1905; x_wconf 88' lang='lat' dir='ltr'>pertinet,</span> <span class='ocrx_word' id='word_1_129' title='bbox 2293 1821 2380 1887; x_wconf 90' lang='lat' dir='ltr'>ad</span> <span class='ocrx_word' id='word_1_130' title='bbox 2412 1831 2547 1889; x_wconf 91' lang='lat' dir='ltr'>tres</span> <span class='ocrx_word' id='word_1_131' title='bbox 2575 1823 2684 1890; x_wconf 88' lang='lat' dir='ltr'>vel</span> 
     </span>
     <span class='ocr_line' id='line_1_15' title="bbox 379 1923 2745 2011; baseline 0.001 -21"><span class='ocrx_word' id='word_1_132' title='bbox 379 1923 469 1990; x_wconf 90' lang='lat' dir='ltr'>ad</span> <span class='ocrx_word' id='word_1_133' title='bbox 515 1934 830 2008; x_wconf 90' lang='lat' dir='ltr'>quattuor</span> <span class='ocrx_word' id='word_1_134' title='bbox 866 1927 1076 1993; x_wconf 87' lang='lat' dir='ltr'>altera</span> <span class='ocrx_word' id='word_1_135' title='bbox 1127 1927 1421 1992; x_wconf 91' lang='lat' dir='ltr'>dimidia.</span> <span class='ocrx_word' id='word_1_136' title='bbox 1509 1925 1688 1992; x_wconf 89' lang='lat' dir='ltr'>Cum</span> <span class='ocrx_word' id='word_1_137' title='bbox 1742 1935 1968 1991; x_wconf 91' lang='lat' dir='ltr'>autem</span> <span class='ocrx_word' id='word_1_138' title='bbox 2011 1927 2363 2011; x_wconf 90' lang='lat' dir='ltr'>quaeritur,</span> <span class='ocrx_word' id='word_1_139' title='bbox 2407 1946 2493 1992; x_wconf 90' lang='lat' dir='ltr'>an</span> <span class='ocrx_word' id='word_1_140' title='bbox 2538 1927 2685 2011; x_wconf 91' lang='lat' dir='ltr'>quis</span> <span class='ocrx_word' id='word_1_141' title='bbox 2712 1938 2745 1992; x_wconf 93' lang='grc'><strong>7</strong></span> 
     </span>
     <span class='ocr_line' id='line_1_16' title="bbox 377 2029 2685 2116; baseline 0.001 -24"><span class='ocrx_word' id='word_1_142' title='bbox 377 2049 536 2094; x_wconf 90' lang='lat' dir='ltr'>suus</span> <span class='ocrx_word' id='word_1_143' title='bbox 578 2029 769 2094; x_wconf 89' lang='lat' dir='ltr'>heres</span> <span class='ocrx_word' id='word_1_144' title='bbox 814 2031 1102 2097; x_wconf 90' lang='lat' dir='ltr'>existere</span> <span class='ocrx_word' id='word_1_145' title='bbox 1144 2039 1410 2116; x_wconf 75' lang='lat' dir='ltr'>potestz</span> <span class='ocrx_word' id='word_1_146' title='bbox 1456 2051 1536 2095; x_wconf 91' lang='lat' dir='ltr'>eo</span> <span class='ocrx_word' id='word_1_147' title='bbox 1571 2038 1873 2113; x_wconf 89' lang='lat' dir='ltr'>tempore</span> <span class='ocrx_word' id='word_1_148' title='bbox 1912 2030 2364 2113; x_wconf 87' lang='lat' dir='ltr'>quaerendum</span> <span class='ocrx_word' id='word_1_149' title='bbox 2398 2039 2517 2107; x_wconf 90' lang='lat' dir='ltr'>est,</span> <span class='ocrx_word' id='word_1_150' title='bbox 2551 2050 2685 2113; x_wconf 90' lang='lat' dir='ltr'>quo</span> 
     </span>
     <span class='ocr_line' id='line_1_17' title="bbox 379 2133 2685 2219; baseline 0.001 -22"><span class='ocrx_word' id='word_1_151' title='bbox 379 2143 636 2199; x_wconf 91' lang='lat' dir='ltr'>certum</span> <span class='ocrx_word' id='word_1_152' title='bbox 675 2143 778 2199; x_wconf 88' lang='lat' dir='ltr'>est</span> <span class='ocrx_word' id='word_1_153' title='bbox 809 2135 1100 2219; x_wconf 84' lang='lat' dir='ltr'>aliquem</span> <span class='ocrx_word' id='word_1_154' title='bbox 1143 2138 1286 2201; x_wconf 91' lang='lat' dir='ltr'>sine</span> <span class='ocrx_word' id='word_1_155' title='bbox 1330 2144 1733 2202; x_wconf 87' lang='lat' dir='ltr'>testamento</span> <span class='ocrx_word' id='word_1_156' title='bbox 1779 2134 2176 2201; x_wconf 88' lang='lat' dir='ltr'>decessisse:</span> <span class='ocrx_word' id='word_1_157' title='bbox 2223 2134 2402 2219; x_wconf 91' lang='lat' dir='ltr'>quod</span> <span class='ocrx_word' id='word_1_158' title='bbox 2442 2133 2685 2200; x_wconf 92' lang='lat' dir='ltr'>accidit</span> 
     </span>
     <span class='ocr_line' id='line_1_18' title="bbox 380 2237 2687 2306; baseline 0.001 -5"><span class='ocrx_word' id='word_1_159' title='bbox 380 2244 450 2301; x_wconf 90' lang='lat' dir='ltr'>et</span> <span class='ocrx_word' id='word_1_160' title='bbox 502 2237 821 2304; x_wconf 87' lang='lat' dir='ltr'>destituto</span> <span class='ocrx_word' id='word_1_161' title='bbox 871 2247 1296 2306; x_wconf 89' lang='lat' dir='ltr'>testamento.</span> <span class='ocrx_word' id='word_1_162' title='bbox 1402 2239 1528 2303; x_wconf 89' lang='lat' dir='ltr'>hac</span> <span class='ocrx_word' id='word_1_163' title='bbox 1587 2238 1842 2304; x_wconf 89' lang='lat' dir='ltr'>ratione</span> <span class='ocrx_word' id='word_1_164' title='bbox 1900 2239 1955 2303; x_wconf 91' lang='lat' dir='ltr'>si</span> <span class='ocrx_word' id='word_1_165' title='bbox 2015 2237 2189 2304; x_wconf 89' lang='lat' dir='ltr'>filius</span> <span class='ocrx_word' id='word_1_166' title='bbox 2240 2238 2687 2304; x_wconf 84' lang='lat' dir='ltr'>exheredatus</span> 
     </span>
     <span class='ocr_line' id='line_1_19' title="bbox 381 2339 2685 2428; baseline 0.002 -24"><span class='ocrx_word' id='word_1_167' title='bbox 381 2339 578 2406; x_wconf 86' lang='lat' dir='ltr'>fuerit</span> <span class='ocrx_word' id='word_1_168' title='bbox 626 2350 694 2408; x_wconf 90' lang='lat' dir='ltr'>et</span> <span class='ocrx_word' id='word_1_169' title='bbox 745 2354 1104 2409; x_wconf 87' lang='lat' dir='ltr'>extraneus</span> <span class='ocrx_word' id='word_1_170' title='bbox 1152 2345 1346 2410; x_wconf 89' lang='lat' dir='ltr'>heres</span> <span class='ocrx_word' id='word_1_171' title='bbox 1396 2344 1737 2410; x_wconf 88' lang='lat' dir='ltr'>institutus</span> <span class='ocrx_word' id='word_1_172' title='bbox 1790 2351 1909 2422; x_wconf 90' lang='lat' dir='ltr'>est,</span> <span class='ocrx_word' id='word_1_173' title='bbox 1956 2342 2093 2408; x_wconf 87' lang='lat' dir='ltr'>filio</span> <span class='ocrx_word' id='word_1_174' title='bbox 2141 2353 2403 2410; x_wconf 87' lang='lat' dir='ltr'>mortuo</span> <span class='ocrx_word' id='word_1_175' title='bbox 2449 2351 2685 2428; x_wconf 90' lang='lat' dir='ltr'>postea</span> 
     </span>
     <span class='ocr_line' id='line_1_20' title="bbox 384 2446 2685 2516; baseline 0.001 -8"><span class='ocrx_word' id='word_1_176' title='bbox 384 2455 642 2512; x_wconf 90' lang='lat' dir='ltr'>certum</span> <span class='ocrx_word' id='word_1_177' title='bbox 692 2447 886 2514; x_wconf 87' lang='lat' dir='ltr'>fuerit</span> <span class='ocrx_word' id='word_1_178' title='bbox 941 2449 1259 2515; x_wconf 90' lang='lat' dir='ltr'>heredem</span> <span class='ocrx_word' id='word_1_179' title='bbox 1319 2449 1697 2516; x_wconf 89' lang='lat' dir='ltr'>institutum</span> <span class='ocrx_word' id='word_1_180' title='bbox 1760 2469 1850 2513; x_wconf 89' lang='lat' dir='ltr'>ex</span> <span class='ocrx_word' id='word_1_181' title='bbox 1908 2456 2312 2515; x_wconf 90' lang='lat' dir='ltr'>testamento</span> <span class='ocrx_word' id='word_1_182' title='bbox 2363 2468 2499 2513; x_wconf 91' lang='lat' dir='ltr'>non</span> <span class='ocrx_word' id='word_1_183' title='bbox 2546 2446 2685 2514; x_wconf 87' lang='lat' dir='ltr'>fieri</span> 
     </span>
     <span class='ocr_line' id='line_1_21' title="bbox 385 2546 2682 2639; baseline 0.001 -27"><span class='ocrx_word' id='word_1_184' title='bbox 385 2546 720 2631; x_wconf 87' lang='lat' dir='ltr'>heredem,</span> <span class='ocrx_word' id='word_1_185' title='bbox 763 2562 879 2619; x_wconf 87' lang='lat' dir='ltr'>aut</span> <span class='ocrx_word' id='word_1_186' title='bbox 931 2553 1086 2638; x_wconf 91' lang='lat' dir='ltr'>quia</span> <span class='ocrx_word' id='word_1_187' title='bbox 1145 2553 1359 2619; x_wconf 91' lang='lat' dir='ltr'>noluit</span> <span class='ocrx_word' id='word_1_188' title='bbox 1418 2574 1564 2619; x_wconf 92' lang='lat' dir='ltr'>esse</span> <span class='ocrx_word' id='word_1_189' title='bbox 1621 2553 1813 2619; x_wconf 90' lang='lat' dir='ltr'>heres</span> <span class='ocrx_word' id='word_1_190' title='bbox 1865 2562 1982 2619; x_wconf 89' lang='lat' dir='ltr'>aut</span> <span class='ocrx_word' id='word_1_191' title='bbox 2034 2553 2190 2637; x_wconf 91' lang='lat' dir='ltr'>quia</span> <span class='ocrx_word' id='word_1_192' title='bbox 2235 2574 2368 2618; x_wconf 89' lang='lat' dir='ltr'>non</span> <span class='ocrx_word' id='word_1_193' title='bbox 2426 2551 2682 2639; x_wconf 88' lang='lat' dir='ltr'>potuit:</span> 
     </span>
     <span class='ocr_line' id='line_1_22' title="bbox 382 2657 2689 2742; baseline 0.001 -23"><span class='ocrx_word' id='word_1_194' title='bbox 382 2676 593 2739; x_wconf 89' lang='lat' dir='ltr'>nepos</span> <span class='ocrx_word' id='word_1_195' title='bbox 640 2677 765 2721; x_wconf 92' lang='lat' dir='ltr'>avo</span> <span class='ocrx_word' id='word_1_196' title='bbox 810 2678 967 2722; x_wconf 90' lang='lat' dir='ltr'>suus</span> <span class='ocrx_word' id='word_1_197' title='bbox 1011 2657 1201 2723; x_wconf 89' lang='lat' dir='ltr'>heres</span> <span class='ocrx_word' id='word_1_198' title='bbox 1252 2660 1514 2737; x_wconf 87' lang='lat' dir='ltr'>existet,</span> <span class='ocrx_word' id='word_1_199' title='bbox 1556 2657 1713 2742; x_wconf 92' lang='lat' dir='ltr'>quia</span> <span class='ocrx_word' id='word_1_200' title='bbox 1760 2679 1893 2742; x_wconf 91' lang='lat' dir='ltr'>quo</span> <span class='ocrx_word' id='word_1_201' title='bbox 1937 2667 2240 2741; x_wconf 89' lang='lat' dir='ltr'>tempore</span> <span class='ocrx_word' id='word_1_202' title='bbox 2283 2665 2538 2723; x_wconf 88' lang='lat' dir='ltr'>certum</span> <span class='ocrx_word' id='word_1_203' title='bbox 2585 2665 2689 2722; x_wconf 89' lang='lat' dir='ltr'>est</span> 
     </span>
     <span class='ocr_line' id='line_1_23' title="bbox 381 2758 2686 2846; baseline 0 -23"><span class='ocrx_word' id='word_1_204' title='bbox 381 2758 772 2825; x_wconf 89' lang='lat' dir='ltr'>intestatum</span> <span class='ocrx_word' id='word_1_205' title='bbox 819 2760 1175 2827; x_wconf 90' lang='lat' dir='ltr'>decessisse</span> <span class='ocrx_word' id='word_1_206' title='bbox 1219 2772 1480 2846; x_wconf 88' lang='lat' dir='ltr'>patrem</span> <span class='ocrx_word' id='word_1_207' title='bbox 1527 2761 1828 2842; x_wconf 78' lang='lat' dir='ltr'>familiaS,</span> <span class='ocrx_word' id='word_1_208' title='bbox 1871 2760 2049 2826; x_wconf 92' lang='lat' dir='ltr'>solus</span> <span class='ocrx_word' id='word_1_209' title='bbox 2102 2760 2429 2826; x_wconf 89' lang='lat' dir='ltr'>invenitur</span> <span class='ocrx_word' id='word_1_210' title='bbox 2462 2780 2686 2843; x_wconf 90' lang='lat' dir='ltr'>nepos.</span> 
     </span>
     <span class='ocr_line' id='line_1_24' title="bbox 383 2862 2749 2951; baseline 0.001 -23"><span class='ocrx_word' id='word_1_211' title='bbox 383 2872 454 2929; x_wconf 90' lang='lat' dir='ltr'>et</span> <span class='ocrx_word' id='word_1_212' title='bbox 482 2862 608 2929; x_wconf 93' lang='lat' dir='ltr'>hoc</span> <span class='ocrx_word' id='word_1_213' title='bbox 638 2874 892 2930; x_wconf 90' lang='lat' dir='ltr'>certum</span> <span class='ocrx_word' id='word_1_214' title='bbox 937 2874 1058 2933; x_wconf 90' lang='lat' dir='ltr'>est.</span> <span class='ocrx_word' id='word_1_215' title='bbox 1147 2866 1240 2931; x_wconf 91' lang='lat' dir='ltr'>Et</span> <span class='ocrx_word' id='word_1_216' title='bbox 1268 2867 1424 2932; x_wconf 91' lang='lat' dir='ltr'>licet</span> <span class='ocrx_word' id='word_1_217' title='bbox 1454 2877 1607 2951; x_wconf 88' lang='lat' dir='ltr'>post</span> <span class='ocrx_word' id='word_1_218' title='bbox 1650 2875 1933 2932; x_wconf 85' lang='lat' dir='ltr'>mortem</span> <span class='ocrx_word' id='word_1_219' title='bbox 1964 2866 2070 2931; x_wconf 89' lang='lat' dir='ltr'>avi</span> <span class='ocrx_word' id='word_1_220' title='bbox 2098 2875 2293 2930; x_wconf 89' lang='lat' dir='ltr'>natus</span> <span class='ocrx_word' id='word_1_221' title='bbox 2323 2865 2428 2941; x_wconf 92' lang='lat' dir='ltr'>sit,</span> <span class='ocrx_word' id='word_1_222' title='bbox 2460 2874 2687 2930; x_wconf 90' lang='lat' dir='ltr'>tamen</span> <span class='ocrx_word' id='word_1_223' title='bbox 2714 2875 2749 2930; x_wconf 87' lang='lat'>8</span> 
     </span>
     <span class='ocr_line' id='line_1_25' title="bbox 384 2968 2687 3055; baseline -0 -24"><span class='ocrx_word' id='word_1_224' title='bbox 384 2985 512 3031; x_wconf 90' lang='lat' dir='ltr'>avo</span> <span class='ocrx_word' id='word_1_225' title='bbox 549 2968 704 3033; x_wconf 88' lang='lat' dir='ltr'>vivo</span> <span class='ocrx_word' id='word_1_226' title='bbox 737 2979 1113 3053; x_wconf 90' lang='lat' dir='ltr'>conceptus,</span> <span class='ocrx_word' id='word_1_227' title='bbox 1149 2980 1414 3036; x_wconf 89' lang='lat' dir='ltr'>mortuo</span> <span class='ocrx_word' id='word_1_228' title='bbox 1453 2981 1645 3055; x_wconf 90' lang='lat' dir='ltr'>patre</span> <span class='ocrx_word' id='word_1_229' title='bbox 1685 2971 1825 3035; x_wconf 91' lang='lat' dir='ltr'>eius</span> <span class='ocrx_word' id='word_1_230' title='bbox 1868 2978 2236 3053; x_wconf 86' lang='lat' dir='ltr'>posteaque</span> <span class='ocrx_word' id='word_1_231' title='bbox 2276 2968 2541 3032; x_wconf 88' lang='lat' dir='ltr'>deserto</span> <span class='ocrx_word' id='word_1_232' title='bbox 2581 2968 2687 3031; x_wconf 89' lang='lat' dir='ltr'>avi</span> 
     </span>
     <span class='ocr_line' id='line_1_26' title="bbox 385 3073 2689 3159; baseline -0.001 -22"><span class='ocrx_word' id='word_1_233' title='bbox 385 3078 786 3137; x_wconf 89' lang='lat' dir='ltr'>testamento</span> <span class='ocrx_word' id='word_1_234' title='bbox 815 3093 972 3138; x_wconf 89' lang='lat' dir='ltr'>suus</span> <span class='ocrx_word' id='word_1_235' title='bbox 999 3073 1188 3141; x_wconf 85' lang='lat' dir='ltr'>heres</span> <span class='ocrx_word' id='word_1_236' title='bbox 1221 3075 1514 3140; x_wconf 90' lang='lat' dir='ltr'>efficitur.</span> <span class='ocrx_word' id='word_1_237' title='bbox 1593 3073 1793 3159; x_wconf 90' lang='lat' dir='ltr'>plane</span> <span class='ocrx_word' id='word_1_238' title='bbox 1823 3074 1878 3139; x_wconf 90' lang='lat' dir='ltr'>si</span> <span class='ocrx_word' id='word_1_239' title='bbox 1910 3082 1977 3137; x_wconf 90' lang='lat' dir='ltr'>et</span> <span class='ocrx_word' id='word_1_240' title='bbox 2008 3081 2364 3155; x_wconf 89' lang='lat' dir='ltr'>conceptus</span> <span class='ocrx_word' id='word_1_241' title='bbox 2395 3079 2463 3136; x_wconf 92' lang='lat' dir='ltr'>et</span> <span class='ocrx_word' id='word_1_242' title='bbox 2493 3079 2689 3135; x_wconf 89' lang='lat' dir='ltr'>natus</span> 
     </span>
    </p>
   </div>
   <div class='ocr_carea' id='block_1_3' title="bbox 382 3352 2694 4601">
    <p class='ocr_par' dir='ltr' id='par_1_3' title="bbox 382 3352 2690 3683">
     <span class='ocr_line' id='line_1_27' title="bbox 387 3352 2689 3430; baseline -0.003 -17"><span class='ocrx_word' id='word_1_243' title='bbox 387 3356 523 3427; x_wconf 87' lang='lat' dir='ltr'>Dig.</span> <span class='ocrx_word' id='word_1_244' title='bbox 563 3359 649 3426; x_wconf 88' lang='grc'>48.</span> <span class='ocrx_word' id='word_1_245' title='bbox 680 3373 734 3426; x_wconf 89' lang='grc'>4.</span> <span class='ocrx_word' id='word_1_246' title='bbox 767 3373 823 3414; x_wconf 83' lang='grc' dir='ltr'>ιι</span> <span class='ocrx_word' id='word_1_247' title='bbox 867 3356 1301 3430; x_wconf 87' lang='lat' dir='ltr'>‘perduellionis</span> <span class='ocrx_word' id='word_1_248' title='bbox 1340 3374 1471 3412; x_wconf 88' lang='lat' dir='ltr'>reus</span> <span class='ocrx_word' id='word_1_249' title='bbox 1509 3354 1702 3412; x_wconf 89' lang='lat' dir='ltr'>hostili</span> <span class='ocrx_word' id='word_1_250' title='bbox 1739 3353 1933 3411; x_wconf 89' lang='lat' dir='ltr'>animo</span> <span class='ocrx_word' id='word_1_251' title='bbox 1969 3355 2242 3411; x_wconf 89' lang='lat' dir='ltr'>adversus</span> <span class='ocrx_word' id='word_1_252' title='bbox 2277 3352 2689 3425; x_wconf 87' lang='lat' dir='ltr'>rempublicam</span> 
     </span>
     <span class='ocr_line' id='line_1_28' title="bbox 383 3436 2690 3513; baseline -0.002 -16"><span class='ocrx_word' id='word_1_253' title='bbox 383 3442 476 3497; x_wconf 87' lang='lat' dir='ltr'>vel</span> <span class='ocrx_word' id='word_1_254' title='bbox 501 3441 815 3513; x_wconf 88' lang='lat' dir='ltr'>principem</span> <span class='ocrx_word' id='word_1_255' title='bbox 840 3442 1158 3498; x_wconf 75' lang='lat' dir='ltr'>animatus.³</span> <span class='ocrx_word' id='word_1_256' title='bbox 1230 3440 1581 3512; x_wconf 89' lang='lat' dir='ltr'>Theophilus</span> <span class='ocrx_word' id='word_1_257' title='bbox 1607 3440 1863 3496; x_wconf 87' lang='lat' dir='ltr'>remarks</span> <span class='ocrx_word' id='word_1_258' title='bbox 1888 3441 2011 3495; x_wconf 90' lang='lat' dir='ltr'>that</span> <span class='ocrx_word' id='word_1_259' title='bbox 2037 3439 2079 3494; x_wconf 92' lang='lat' dir='ltr'>it</span> <span class='ocrx_word' id='word_1_260' title='bbox 2100 3456 2214 3495; x_wconf 88' lang='lat' dir='ltr'>was</span> <span class='ocrx_word' id='word_1_261' title='bbox 2240 3440 2338 3494; x_wconf 90' lang='lat' dir='ltr'>the</span> <span class='ocrx_word' id='word_1_262' title='bbox 2363 3438 2496 3509; x_wconf 93' lang='lat' dir='ltr'>only</span> <span class='ocrx_word' id='word_1_263' title='bbox 2514 3436 2690 3493; x_wconf 87' lang='lat' dir='ltr'>crime</span> 
     </span>
     <span class='ocr_line' id='line_1_29' title="bbox 382 3521 2690 3596; baseline 0 -17"><span class='ocrx_word' id='word_1_264' title='bbox 382 3524 472 3580; x_wconf 81' lang='lat' dir='ltr'>for</span> <span class='ocrx_word' id='word_1_265' title='bbox 494 3525 679 3581; x_wconf 82' lang='lat' dir='ltr'>which</span> <span class='ocrx_word' id='word_1_266' title='bbox 701 3544 738 3582; x_wconf 93' lang='lat' dir='ltr'>a</span> <span class='ocrx_word' id='word_1_267' title='bbox 762 3544 898 3581; x_wconf 86' lang='lat' dir='ltr'>man</span> <span class='ocrx_word' id='word_1_268' title='bbox 923 3525 1091 3581; x_wconf 92' lang='lat' dir='ltr'>could</span> <span class='ocrx_word' id='word_1_269' title='bbox 1119 3526 1190 3582; x_wconf 88' lang='lat' dir='ltr'>be</span> <span class='ocrx_word' id='word_1_270' title='bbox 1224 3524 1546 3596; x_wconf 89' lang='lat' dir='ltr'>proceeded</span> <span class='ocrx_word' id='word_1_271' title='bbox 1579 3522 1806 3595; x_wconf 86' lang='lat' dir='ltr'>against</span> <span class='ocrx_word' id='word_1_272' title='bbox 1843 3524 1987 3580; x_wconf 86' lang='lat' dir='ltr'>aster</span> <span class='ocrx_word' id='word_1_273' title='bbox 2017 3522 2108 3578; x_wconf 91' lang='lat' dir='ltr'>his</span> <span class='ocrx_word' id='word_1_274' title='bbox 2139 3522 2381 3579; x_wconf 88' lang='lat' dir='ltr'>decease</span> <span class='ocrx_word' id='word_1_275' title='bbox 2407 3540 2419 3577; x_wconf 91' lang='lat'>:</span> <span class='ocrx_word' id='word_1_276' title='bbox 2459 3521 2527 3577; x_wconf 74' lang='lat' dir='ltr'>cf.</span> <span class='ocrx_word' id='word_1_277' title='bbox 2554 3529 2690 3593; x_wconf 68' lang='lat' dir='ltr'>note</span> 
     </span>
     <span class='ocr_line' id='line_1_30' title="bbox 395 3608 994 3679; baseline 0.002 -16"><span class='ocrx_word' id='word_1_278' title='bbox 395 3626 470 3664; x_wconf 92' lang='lat' dir='ltr'>on</span> <span class='ocrx_word' id='word_1_279' title='bbox 498 3608 601 3663; x_wconf 89' lang='lat' dir='ltr'>Bk.</span> <span class='ocrx_word' id='word_1_280' title='bbox 629 3608 700 3665; x_wconf 87' lang='lat' dir='ltr'>iv.</span> <span class='ocrx_word' id='word_1_281' title='bbox 734 3610 816 3665; x_wconf 90' lang='lat'>18.</span> <span class='ocrx_word' id='word_1_282' title='bbox 841 3624 874 3679; x_wconf 87' lang='lat'>3</span> <span class='ocrx_word' id='word_1_283' title='bbox 899 3608 994 3664; x_wconf 85' lang='lat' dir='ltr'>inf.</span> 
     </span>
    </p>

    <p class='ocr_par' dir='ltr' id='par_1_4' title="bbox 384 3688 2690 3851">
     <span class='ocr_line' id='line_1_31' title="bbox 457 3688 2690 3765; baseline -0.002 -14"><span class='ocrx_word' id='word_1_284' title='bbox 457 3697 488 3764; x_wconf 89' lang='lat'>§</span> <span class='ocrx_word' id='word_1_285' title='bbox 515 3700 574 3751; x_wconf 83' lang='grc'>6.</span> <span class='ocrx_word' id='word_1_286' title='bbox 611 3696 660 3751; x_wconf 87' lang='lat' dir='ltr'>F</span> <span class='ocrx_word' id='word_1_287' title='bbox 664 3712 729 3750; x_wconf 90' lang='lat' dir='ltr'>or</span> <span class='ocrx_word' id='word_1_288' title='bbox 761 3712 798 3753; x_wconf 92' lang='lat' dir='ltr'>a</span> <span class='ocrx_word' id='word_1_289' title='bbox 826 3694 1147 3751; x_wconf 88' lang='lat' dir='ltr'>discussion</span> <span class='ocrx_word' id='word_1_290' title='bbox 1177 3694 1243 3749; x_wconf 83' lang='lat' dir='ltr'>of</span> <span class='ocrx_word' id='word_1_291' title='bbox 1272 3695 1370 3749; x_wconf 87' lang='lat' dir='ltr'>the</span> <span class='ocrx_word' id='word_1_292' title='bbox 1407 3702 1518 3749; x_wconf 89' lang='lat' dir='ltr'>two</span> <span class='ocrx_word' id='word_1_293' title='bbox 1549 3702 1795 3765; x_wconf 79' lang='lat' dir='ltr'>systems</span> <span class='ocrx_word' id='word_1_294' title='bbox 1831 3689 1898 3749; x_wconf 84' lang='lat' dir='ltr'>of</span> <span class='ocrx_word' id='word_1_295' title='bbox 1925 3692 2185 3763; x_wconf 90' lang='lat' dir='ltr'>division,</span> <span class='ocrx_word' id='word_1_296' title='bbox 2211 3709 2314 3764; x_wconf 91' lang='lat' dir='ltr'>per</span> <span class='ocrx_word' id='word_1_297' title='bbox 2348 3688 2539 3763; x_wconf 80' lang='lat' dir='ltr'>capita</span> <span class='ocrx_word' id='word_1_298' title='bbox 2574 3690 2690 3747; x_wconf 92' lang='lat' dir='ltr'>and</span> 
     </span>
     <span class='ocr_line' id='line_1_32' title="bbox 384 3777 2272 3851; baseline -0.003 -17"><span class='ocrx_word' id='word_1_299' title='bbox 384 3794 490 3851; x_wconf 83' lang='lat' dir='ltr'>per</span> <span class='ocrx_word' id='word_1_300' title='bbox 513 3778 735 3850; x_wconf 88' lang='lat' dir='ltr'>stirpes,</span> <span class='ocrx_word' id='word_1_301' title='bbox 761 3796 858 3837; x_wconf 90' lang='lat' dir='ltr'>see</span> <span class='ocrx_word' id='word_1_302' title='bbox 885 3778 1099 3848; x_wconf 90' lang='lat' dir='ltr'>Maine,</span> <span class='ocrx_word' id='word_1_303' title='bbox 1127 3779 1302 3849; x_wconf 87' lang='lat' dir='ltr'>Early</span> <span class='ocrx_word' id='word_1_304' title='bbox 1332 3777 1570 3848; x_wconf 90' lang='lat' dir='ltr'>History</span> <span class='ocrx_word' id='word_1_305' title='bbox 1595 3778 1659 3833; x_wconf 84' lang='lat' dir='ltr'>of</span> <span class='ocrx_word' id='word_1_306' title='bbox 1683 3777 2043 3833; x_wconf 88' lang='lat' dir='ltr'>Institutions</span> <span class='ocrx_word' id='word_1_307' title='bbox 2065 3794 2123 3849; x_wconf 93' lang='lat' dir='ltr'>p.</span> <span class='ocrx_word' id='word_1_308' title='bbox 2155 3790 2272 3846; x_wconf 83' lang='lat'>195.</span> 
     </span>
    </p>

    <p class='ocr_par' dir='ltr' id='par_1_5' title="bbox 385 3854 2694 4601">
     <span class='ocr_line' id='line_1_33' title="bbox 460 3854 2690 3932; baseline -0.003 -13"><span class='ocrx_word' id='word_1_309' title='bbox 460 3864 570 3931; x_wconf 82' lang='lat'>§¹7.</span> <span class='ocrx_word' id='word_1_310' title='bbox 609 3864 786 3918; x_wconf 88' lang='lat' dir='ltr'>What</span> <span class='ocrx_word' id='word_1_311' title='bbox 825 3862 872 3918; x_wconf 92' lang='lat' dir='ltr'>is</span> <span class='ocrx_word' id='word_1_312' title='bbox 908 3871 1101 3918; x_wconf 88' lang='lat' dir='ltr'>meant</span> <span class='ocrx_word' id='word_1_313' title='bbox 1145 3861 1194 3917; x_wconf 92' lang='lat' dir='ltr'>is</span> <span class='ocrx_word' id='word_1_314' title='bbox 1233 3862 1358 3917; x_wconf 89' lang='lat' dir='ltr'>that</span> <span class='ocrx_word' id='word_1_315' title='bbox 1397 3863 1495 3916; x_wconf 90' lang='lat' dir='ltr'>the</span> <span class='ocrx_word' id='word_1_316' title='bbox 1537 3877 1777 3932; x_wconf 89' lang='lat' dir='ltr'>persons</span> <span class='ocrx_word' id='word_1_317' title='bbox 1821 3861 1948 3916; x_wconf 90' lang='lat' dir='ltr'>who</span> <span class='ocrx_word' id='word_1_318' title='bbox 1992 3860 2177 3916; x_wconf 82' lang='lat' dir='ltr'>would</span> <span class='ocrx_word' id='word_1_319' title='bbox 2216 3860 2289 3915; x_wconf 88' lang='lat' dir='ltr'>be</span> <span class='ocrx_word' id='word_1_320' title='bbox 2326 3855 2411 3915; x_wconf 90' lang='lat' dir='ltr'>sui</span> <span class='ocrx_word' id='word_1_321' title='bbox 2449 3854 2690 3914; x_wconf 89' lang='lat' dir='ltr'>heredes</span> 
     </span>
     <span class='ocr_line' id='line_1_34' title="bbox 387 3940 2693 4027; baseline -0.002 -26"><span class='ocrx_word' id='word_1_322' title='bbox 387 3955 447 4002; x_wconf 91' lang='lat' dir='ltr'>at</span> <span class='ocrx_word' id='word_1_323' title='bbox 486 3942 582 4002; x_wconf 87' lang='lat' dir='ltr'>the</span> <span class='ocrx_word' id='word_1_324' title='bbox 619 3954 873 4002; x_wconf 89' lang='lat' dir='ltr'>moment</span> <span class='ocrx_word' id='word_1_325' title='bbox 911 3944 975 4001; x_wconf 81' lang='lat' dir='ltr'>of</span> <span class='ocrx_word' id='word_1_326' title='bbox 1005 3946 1104 4003; x_wconf 90' lang='lat' dir='ltr'>the</span> <span class='ocrx_word' id='word_1_327' title='bbox 1142 3944 1384 4001; x_wconf 87' lang='lat' dir='ltr'>decease</span> <span class='ocrx_word' id='word_1_328' title='bbox 1420 3960 1554 4014; x_wconf 88' lang='lat' dir='ltr'>may</span> <span class='ocrx_word' id='word_1_329' title='bbox 1583 3955 1685 4000; x_wconf 88' lang='lat' dir='ltr'>not</span> <span class='ocrx_word' id='word_1_330' title='bbox 1722 3944 1944 4027; x_wconf 76' lang='lat' dir='ltr'>exactly</span> <span class='ocrx_word' id='word_1_331' title='bbox 1976 3941 2323 4014; x_wconf 87' lang='lat' dir='ltr'>correspond</span> <span class='ocrx_word' id='word_1_332' title='bbox 2360 3940 2501 3996; x_wconf 88' lang='lat' dir='ltr'>with·</span> <span class='ocrx_word' id='word_1_333' title='bbox 2527 3941 2693 3997; x_wconf 88' lang='lat' dir='ltr'>those</span> 
     </span>
     <span class='ocr_line' id='line_1_35' title="bbox 387 4025 2693 4100; baseline -0.002 -17"><span class='ocrx_word' id='word_1_334' title='bbox 387 4029 516 4085; x_wconf 88' lang='lat' dir='ltr'>who</span> <span class='ocrx_word' id='word_1_335' title='bbox 551 4030 737 4085; x_wconf 81' lang='lat' dir='ltr'>would</span> <span class='ocrx_word' id='word_1_336' title='bbox 773 4046 993 4100; x_wconf 87' lang='lat' dir='ltr'>occupy</span> <span class='ocrx_word' id='word_1_337' title='bbox 1028 4031 1154 4085; x_wconf 87' lang='lat' dir='ltr'>that</span> <span class='ocrx_word' id='word_1_338' title='bbox 1190 4028 1438 4099; x_wconf 89' lang='lat' dir='ltr'>position</span> <span class='ocrx_word' id='word_1_339' title='bbox 1476 4038 1534 4083; x_wconf 92' lang='lat' dir='ltr'>at</span> <span class='ocrx_word' id='word_1_340' title='bbox 1571 4029 1671 4084; x_wconf 87' lang='lat' dir='ltr'>the</span> <span class='ocrx_word' id='word_1_341' title='bbox 1708 4037 1963 4083; x_wconf 87' lang='lat' dir='ltr'>moment</span> <span class='ocrx_word' id='word_1_342' title='bbox 1987 4027 2153 4084; x_wconf 91' lang='lat' dir='ltr'>when</span> <span class='ocrx_word' id='word_1_343' title='bbox 2190 4026 2234 4082; x_wconf 88' lang='lat' dir='ltr'>it</span> <span class='ocrx_word' id='word_1_344' title='bbox 2270 4027 2390 4081; x_wconf 88' lang='lat' dir='ltr'>first</span> <span class='ocrx_word' id='word_1_345' title='bbox 2423 4025 2693 4081; x_wconf 89' lang='lat' dir='ltr'>becomes</span> 
     </span>
     <span class='ocr_line' id='line_1_36' title="bbox 390 4106 2694 4182; baseline -0.002 -14"><span class='ocrx_word' id='word_1_346' title='bbox 390 4111 605 4169; x_wconf 90' lang='lat' dir='ltr'>certain</span> <span class='ocrx_word' id='word_1_347' title='bbox 655 4113 778 4169; x_wconf 91' lang='lat' dir='ltr'>that</span> <span class='ocrx_word' id='word_1_348' title='bbox 826 4114 924 4169; x_wconf 89' lang='lat' dir='ltr'>the</span> <span class='ocrx_word' id='word_1_349' title='bbox 973 4129 1108 4169; x_wconf 89' lang='lat' dir='ltr'>man</span> <span class='ocrx_word' id='word_1_350' title='bbox 1153 4114 1258 4167; x_wconf 85' lang='lat' dir='ltr'>has</span> <span class='ocrx_word' id='word_1_351' title='bbox 1305 4110 1438 4167; x_wconf 89' lang='lat' dir='ltr'>died</span> <span class='ocrx_word' id='word_1_352' title='bbox 1483 4110 1767 4182; x_wconf 88' lang='lat' dir='ltr'>intestate,</span> <span class='ocrx_word' id='word_1_353' title='bbox 1807 4111 1923 4167; x_wconf 90' lang='lat' dir='ltr'>and</span> <span class='ocrx_word' id='word_1_354' title='bbox 1965 4111 2107 4181; x_wconf 90' lang='lat' dir='ltr'>that,</span> <span class='ocrx_word' id='word_1_355' title='bbox 2145 4110 2332 4166; x_wconf 89' lang='lat' dir='ltr'>where</span> <span class='ocrx_word' id='word_1_356' title='bbox 2373 4110 2534 4164; x_wconf 89' lang='lat' dir='ltr'>there</span> <span class='ocrx_word' id='word_1_357' title='bbox 2571 4106 2619 4163; x_wconf 89' lang='lat' dir='ltr'>is</span> <span class='ocrx_word' id='word_1_358' title='bbox 2657 4123 2694 4163; x_wconf 90' lang='lat' dir='ltr'>a</span> 
     </span>
     <span class='ocr_line' id='line_1_37' title="bbox 386 4191 2693 4266; baseline -0.003 -14"><span class='ocrx_word' id='word_1_359' title='bbox 386 4195 707 4266; x_wconf 79' lang='lat' dir='ltr'>difference‚</span> <span class='ocrx_word' id='word_1_360' title='bbox 733 4194 776 4253; x_wconf 87' lang='lat' dir='ltr'>it</span> <span class='ocrx_word' id='word_1_361' title='bbox 811 4195 861 4252; x_wconf 88' lang='lat' dir='ltr'>is</span> <span class='ocrx_word' id='word_1_362' title='bbox 885 4198 984 4253; x_wconf 90' lang='lat' dir='ltr'>the</span> <span class='ocrx_word' id='word_1_363' title='bbox 1007 4196 1174 4252; x_wconf 88' lang='lat' dir='ltr'>latter</span> <span class='ocrx_word' id='word_1_364' title='bbox 1198 4196 1324 4251; x_wconf 88' lang='lat' dir='ltr'>who</span> <span class='ocrx_word' id='word_1_365' title='bbox 1361 4195 1510 4265; x_wconf 88' lang='lat' dir='ltr'>take,</span> <span class='ocrx_word' id='word_1_366' title='bbox 1535 4204 1637 4250; x_wconf 89' lang='lat' dir='ltr'>not</span> <span class='ocrx_word' id='word_1_367' title='bbox 1661 4196 1760 4251; x_wconf 89' lang='lat' dir='ltr'>the</span> <span class='ocrx_word' id='word_1_368' title='bbox 1792 4195 2014 4250; x_wconf 85' lang='lat' dir='ltr'>former.</span> <span class='ocrx_word' id='word_1_369' title='bbox 2078 4196 2208 4264; x_wconf 86' lang='lat' dir='ltr'>E.g.</span> <span class='ocrx_word' id='word_1_370' title='bbox 2236 4194 2291 4247; x_wconf 90' lang='lat' dir='ltr'>A</span> <span class='ocrx_word' id='word_1_371' title='bbox 2315 4191 2454 4261; x_wconf 90' lang='lat' dir='ltr'>dies,</span> <span class='ocrx_word' id='word_1_372' title='bbox 2480 4191 2693 4261; x_wconf 82' lang='lat' dir='ltr'>having</span> 
     </span>
     <span class='ocr_line' id='line_1_38' title="bbox 387 4272 2690 4350; baseline -0.002 -17"><span class='ocrx_word' id='word_1_373' title='bbox 387 4278 684 4336; x_wconf 84' lang='lat' dir='ltr'>instituted</span> <span class='ocrx_word' id='word_1_374' title='bbox 720 4281 787 4350; x_wconf 91' lang='lat' dir='ltr'>B,</span> <span class='ocrx_word' id='word_1_375' title='bbox 825 4296 900 4336; x_wconf 85' lang='lat' dir='ltr'>an</span> <span class='ocrx_word' id='word_1_376' title='bbox 936 4288 1254 4349; x_wconf 75' lang='lat' dir='ltr'>extraneuS,</span> <span class='ocrx_word' id='word_1_377' title='bbox 1281 4278 1397 4335; x_wconf 89' lang='lat' dir='ltr'>and</span> <span class='ocrx_word' id='word_1_378' title='bbox 1433 4277 1662 4348; x_wconf 82' lang='lat' dir='ltr'>leaving</span> <span class='ocrx_word' id='word_1_379' title='bbox 1696 4288 1806 4334; x_wconf 85' lang='lat' dir='ltr'>two</span> <span class='ocrx_word' id='word_1_380' title='bbox 1837 4277 1942 4348; x_wconf 91' lang='lat' dir='ltr'>sui,</span> <span class='ocrx_word' id='word_1_381' title='bbox 1970 4278 2016 4333; x_wconf 94' lang='lat' dir='ltr'>C</span> <span class='ocrx_word' id='word_1_382' title='bbox 2050 4275 2167 4333; x_wconf 88' lang='lat' dir='ltr'>and</span> <span class='ocrx_word' id='word_1_383' title='bbox 2200 4276 2257 4330; x_wconf 93' lang='lat' dir='ltr'><strong>D</strong></span> <span class='ocrx_word' id='word_1_384' title='bbox 2282 4294 2295 4332; x_wconf 92' lang='lat'>:</span> <span class='ocrx_word' id='word_1_385' title='bbox 2333 4272 2393 4344; x_wconf 82' lang='lat' dir='ltr'>if,</span> <span class='ocrx_word' id='word_1_386' title='bbox 2422 4274 2615 4330; x_wconf 83' lang='lat' dir='ltr'>before</span> <span class='ocrx_word' id='word_1_387' title='bbox 2642 4274 2690 4329; x_wconf 91' lang='lat' dir='ltr'>B</span> 
     </span>
     <span class='ocr_line' id='line_1_39' title="bbox 385 4356 2692 4434; baseline -0.003 -17"><span class='ocrx_word' id='word_1_388' title='bbox 385 4364 602 4419; x_wconf 80' lang='lat' dir='ltr'>refuses</span> <span class='ocrx_word' id='word_1_389' title='bbox 627 4364 726 4419; x_wconf 88' lang='lat' dir='ltr'>the</span> <span class='ocrx_word' id='word_1_390' title='bbox 750 4362 1119 4433; x_wconf 87' lang='lat' dir='ltr'>inheritance,</span> <span class='ocrx_word' id='word_1_391' title='bbox 1148 4365 1193 4419; x_wconf 91' lang='lat' dir='ltr'>C</span> <span class='ocrx_word' id='word_1_392' title='bbox 1219 4363 1378 4434; x_wconf 85' lang='lat' dir='ltr'>gives</span> <span class='ocrx_word' id='word_1_393' title='bbox 1407 4360 1646 4417; x_wconf 86' lang='lat' dir='ltr'>himself</span> <span class='ocrx_word' id='word_1_394' title='bbox 1672 4360 1731 4417; x_wconf 89' lang='lat' dir='ltr'>in</span> <span class='ocrx_word' id='word_1_395' title='bbox 1765 4360 2119 4431; x_wconf 90' lang='lat' dir='ltr'>adrogation,</span> <span class='ocrx_word' id='word_1_396' title='bbox 2146 4360 2203 4414; x_wconf 93' lang='lat' dir='ltr'><strong>D</strong></span> <span class='ocrx_word' id='word_1_397' title='bbox 2230 4357 2343 4414; x_wconf 89' lang='lat' dir='ltr'>will</span> <span class='ocrx_word' id='word_1_398' title='bbox 2364 4356 2607 4413; x_wconf 88' lang='lat' dir='ltr'>succeed</span> <span class='ocrx_word' id='word_1_399' title='bbox 2632 4366 2692 4411; x_wconf 93' lang='lat' dir='ltr'>to</span> 
     </span>
     <span class='ocr_line' id='line_1_40' title="bbox 387 4441 2692 4515; baseline -0.003 -14"><span class='ocrx_word' id='word_1_400' title='bbox 387 4446 487 4502; x_wconf 87' lang='lat' dir='ltr'>the</span> <span class='ocrx_word' id='word_1_401' title='bbox 512 4447 694 4503; x_wconf 89' lang='lat' dir='ltr'>whole</span> <span class='ocrx_word' id='word_1_402' title='bbox 719 4464 793 4502; x_wconf 90' lang='lat' dir='ltr'>on</span> <span class='ocrx_word' id='word_1_403' title='bbox 822 4448 916 4505; x_wconf 91' lang='lat' dir='ltr'>B’s</span> <span class='ocrx_word' id='word_1_404' title='bbox 945 4446 1172 4515; x_wconf 86' lang='lat' dir='ltr'>refusal,</span> <span class='ocrx_word' id='word_1_405' title='bbox 1197 4448 1284 4502; x_wconf 85' lang='lat' dir='ltr'>for</span> <span class='ocrx_word' id='word_1_406' title='bbox 1319 4456 1377 4502; x_wconf 89' lang='lat' dir='ltr'>at</span> <span class='ocrx_word' id='word_1_407' title='bbox 1415 4446 1512 4503; x_wconf 86' lang='lat' dir='ltr'>the</span> <span class='ocrx_word' id='word_1_408' title='bbox 1549 4444 1687 4501; x_wconf 89' lang='lat' dir='ltr'>time</span> <span class='ocrx_word' id='word_1_409' title='bbox 1714 4446 1876 4500; x_wconf 90' lang='lat' dir='ltr'>when</span> <span class='ocrx_word' id='word_1_410' title='bbox 1914 4446 2012 4502; x_wconf 88' lang='lat' dir='ltr'>the</span> <span class='ocrx_word' id='word_1_411' title='bbox 2048 4442 2134 4500; x_wconf 92' lang='lat' dir='ltr'>sui</span> <span class='ocrx_word' id='word_1_412' title='bbox 2172 4459 2269 4498; x_wconf 87' lang='lat' dir='ltr'>are</span> <span class='ocrx_word' id='word_1_413' title='bbox 2306 4451 2365 4496; x_wconf 93' lang='lat' dir='ltr'>to</span> <span class='ocrx_word' id='word_1_414' title='bbox 2402 4441 2475 4498; x_wconf 85' lang='lat' dir='ltr'>be</span> <span class='ocrx_word' id='word_1_415' title='bbox 2507 4454 2692 4495; x_wconf 88' lang='lat' dir='ltr'>ascer-</span> 
     </span>
     <span class='ocr_line' id='line_1_41' title="bbox 387 4519 2691 4601; baseline -0.003 -16"><span class='ocrx_word' id='word_1_416' title='bbox 387 4528 582 4589; x_wconf 85' lang='lat' dir='ltr'>tained</span> <span class='ocrx_word' id='word_1_417' title='bbox 610 4531 654 4586; x_wconf 93' lang='lat' dir='ltr'>C</span> <span class='ocrx_word' id='word_1_418' title='bbox 681 4531 786 4586; x_wconf 89' lang='lat' dir='ltr'>has</span> <span class='ocrx_word' id='word_1_419' title='bbox 813 4530 1020 4588; x_wconf 87' lang='lat' dir='ltr'>ceased</span> <span class='ocrx_word' id='word_1_420' title='bbox 1046 4540 1105 4587; x_wconf 92' lang='lat' dir='ltr'>to</span> <span class='ocrx_word' id='word_1_421' title='bbox 1129 4530 1202 4588; x_wconf 93' lang='lat' dir='ltr'>be</span> <span class='ocrx_word' id='word_1_422' title='bbox 1227 4547 1264 4587; x_wconf 92' lang='lat' dir='ltr'>a</span> <span class='ocrx_word' id='word_1_423' title='bbox 1288 4546 1424 4587; x_wconf 88' lang='lat' dir='ltr'>suus</span> <span class='ocrx_word' id='word_1_424' title='bbox 1443 4529 1520 4600; x_wconf 93' lang='lat' dir='ltr'>by</span> <span class='ocrx_word' id='word_1_425' title='bbox 1541 4528 1755 4601; x_wconf 84' lang='lat' dir='ltr'>having</span> <span class='ocrx_word' id='word_1_426' title='bbox 1778 4529 2107 4601; x_wconf 87' lang='lat' dir='ltr'>undergone</span> <span class='ocrx_word' id='word_1_427' title='bbox 2132 4525 2335 4597; x_wconf 91' lang='lat' dir='ltr'>capitis</span> <span class='ocrx_word' id='word_1_428' title='bbox 2360 4519 2691 4581; x_wconf 79' lang='lat' dir='ltr'>deminutiO.</span> 
     </span>
    </p>
   </div>
   <div class='ocr_carea' id='block_1_4' title="bbox 1519 4634 1629 4687">
    <p class='ocr_par' dir='ltr' id='par_1_6' title="bbox 1519 4634 1629 4687">
     <span class='ocr_line' id='line_1_42' title="bbox 1519 4634 1629 4687; baseline 0.045 -5"><span class='ocrx_word' id='word_1_429' title='bbox 1519 4634 1629 4687; x_wconf 78' lang='lat'>22</span> 
     </span>
    </p>
   </div>
  </div>
 </body>
</html>
