3230 5116
563 356 694 427 374
973 342 1121 400 JNS
1131 341 1676 399 TJTUTJONUM
1712 338 1951 395 LIBRI
1986 338 2155 413 QUA
2170 338 2462 397 TTUOR.
2622 339 2751 405 [ub.
2778 342 2873 393 ιιι.

564 534 654 578 ex
696 510 824 576 hac
867 528 1067 576 causa
1111 510 1289 574 bona
1331 506 1619 587 addicta,
1649 514 1862 572 cessat
1901 505 2229 569 bonorum
2259 502 2594 568 venditio=
2642 500 2873 567 extitit

563 617 742 681 enim
803 614 1094 679 defuncti
1157 613 1486 688 defensor,
1541 621 1609 676 et
1669 610 1939 693 quidem
2001 610 2295 686 idoneus,
2345 608 2457 690 qui
2512 608 2599 671 de
2656 605 2873 669 solido

506 731 540 786 3
565 719 999 786 creditoribus
1051 727 1260 783 cavet.
1369 715 1679 799 Inprimis
1729 713 1858 779 hoc
1910 714 2303 796 rescriptum
2350 712 2595 777 totiens
2644 712 2871 775 locum

563 823 784 902 habet,
820 823 1126 906 quotiens
1168 828 1570 886 testamento
1617 819 1959 884 libertates
2003 817 2200 882 datae
2245 823 2419 880 sunt.
2506 814 2667 898 quid
2713 835 2873 898 ergo

565 929 618 993 si
650 928 799 1012 quis
844 928 1196 991 intestatus
1241 926 1573 989 decedens
1618 923 1939 988 codicillis
1982 923 2321 986 libertates
2365 920 2625 985 dederit
2654 939 2875 1001 neque

565 1034 750 1098 adita
801 1031 889 1096 sit
935 1031 1023 1095 ab
1075 1032 1391 1095 intestato
1442 1025 1825 1093 hereditas?
1884 1028 2069 1092 favor
2118 1026 2610 1091 constitutionis
2669 1024 2875 1088 debet

565 1135 785 1201 locum
831 1134 1089 1199 habere.
1181 1143 1358 1199 certe
1395 1136 1450 1197 si
1496 1142 1781 1198 testatus
1827 1134 2107 1197 decedat
2152 1140 2221 1197 et
2264 1130 2585 1196 codicillis
2613 1128 2875 1193 dederit

507 1246 542 1299 4
568 1241 959 1317 libertatem,
1004 1247 1380 1323 competere
1428 1258 1576 1302 earn
1633 1238 1880 1303 nemini
1935 1237 2210 1301 dubium
2265 1246 2385 1300 est.
2474 1235 2667 1299 Tunc
2718 1253 2875 1299 con-

568 1344 895 1409 stitutioni
948 1340 1170 1406 locum
1217 1362 1359 1405 esse
1413 1341 1610 1405 verba
1665 1342 2044 1420 ostendunt,
2097 1360 2247 1405 cum
2295 1358 2492 1404 nemo
2538 1356 2875 1403 successor

565 1448 654 1512 ab
719 1449 1038 1511 intestato
1106 1446 1393 1510 existatz
1468 1465 1627 1527 ergo
1697 1446 2017 1529 quamdiu
2088 1446 2409 1509 incertum
2483 1443 2587 1518 sit,
2650 1452 2874 1506 utrum

568 1552 818 1617 existat
858 1571 944 1614 an
990 1570 1140 1629 non,
1179 1550 1461 1615 cessabit
1505 1550 1933 1617 constitutio:
1994 1551 2050 1615 si
2093 1560 2347 1615 certum
2392 1569 2537 1613 esse
2582 1549 2873 1631 coeperit

509 1674 544 1729 5
570 1656 901 1720 neminem
959 1664 1213 1731 extare,
1266 1663 1424 1720 tunc
1484 1656 1606 1720 erit
1677 1655 2130 1719 constitutioni
2191 1653 2395 1719 locus.
2504 1650 2579 1717 Si
2638 1653 2711 1731 is,
2759 1654 2871 1736 qui

567 1760 636 1825 in
689 1758 1022 1841 integrum
1083 1758 1338 1823 restitui
1386 1767 1627 1841 potest,
1682 1759 2003 1824 abstinuit
2061 1780 2133 1823 se
2192 1758 2278 1822 ab
2331 1757 2719 1835 hereditate,
2770 1776 2873 1834 an,

568 1864 871 1946 quamvis
935 1871 1158 1947 potest
1225 1863 1292 1927 in
1355 1863 1689 1947 integrum
1759 1864 2033 1940 restitui,
2089 1871 2315 1945 potest
2382 1861 2650 1927 admitti
2720 1881 2873 1925 con-

568 1968 828 2033 stitutio
871 1977 939 2032 et
979 1968 1269 2033 addictio
1313 1968 1641 2032 bonorum
1682 1966 1864 2034 fieri?
1923 1969 2084 2052 quid
2132 1987 2310 2052 erg0,
2348 1969 2401 2031 si
2449 1974 2603 2049 post
2646 1966 2873 2030 addic-

570 2072 821 2137 tionem
858 2071 1240 2136 libertatum
1287 2072 1883 2137 conservandarum
1927 2092 2125 2137 causa
2167 2070 2413 2136 factam
2447 2071 2513 2134 in
2544 2070 2873 2153 integrum

572 2178 660 2241 sit
713 2176 1099 2241 restitutus?
1153 2176 1382 2259 utique
1430 2195 1562 2241 non
1611 2176 1734 2241 erit
1778 2177 2133 2241 dicendum
2183 2176 2471 2240 revocari
2517 2175 2873 2251 libertateS,

511 2292 547 2347 6
572 2300 744 2362 quae
775 2279 981 2342 semel
1013 2280 1516 2362 competierunt.
1607 2280 1815 2344 Haec·
1836 2282 2220 2346 constitutio
2265 2280 2647 2343 libertatum
2685 2288 2875 2343 tuen-

572 2381 806 2445 darum
865 2401 1064 2445 causa
1125 2382 1501 2447 introducta
1553 2392 1693 2447 est:
1764 2404 1921 2467 ergo
1972 2384 2027 2447 si
2081 2384 2419 2448 libertates
2471 2382 2693 2447 nullae
2744 2383 2877 2447 sint

572 2486 788 2565 datae,
820 2494 1034 2551 cessat
1080 2486 1484 2552 constituti0.
1571 2487 1733 2571 quid
1779 2509 1955 2572 erg0,
1986 2489 2040 2553 si
2073 2489 2258 2553 vivus
2305 2489 2491 2553 dedit
2536 2487 2878 2553 libertates

571 2590 678 2654 vel
725 2590 955 2654 mortis
999 2609 1197 2655 causa
1241 2600 1326 2668 et,
1357 2611 1442 2654 ne
1486 2592 1572 2655 de
1615 2591 1743 2656 hoc
1787 2603 2156 2675 quaeratur,
2196 2602 2417 2657 utrum
2464 2594 2530 2657 in
2575 2593 2877 2658 fraudem

573 2695 971 2759 creditorum
1017 2714 1104 2758 an
1149 2715 1280 2759 non
1323 2696 1572 2760 factum
1614 2697 1719 2772 sit,
1752 2697 1995 2762 idcirco
2024 2697 2231 2762 velint
2265 2698 2483 2762 addici
2524 2698 2651 2762 sibi
2681 2697 2877 2773 bona,

571 2818 660 2862 an
719 2799 1032 2862 audiendi
1089 2796 1289 2863 sunt?
1375 2808 1444 2863 et
1511 2801 1723 2882 magis
1784 2810 1903 2877 est,
1967 2812 2041 2867 ut
2106 2801 2316 2866 audiri
2383 2800 2689 2876 debeant,
2752 2799 2878 2864 etsi

574 2901 886 2967 deficiant
942 2903 1145 2977 verba
1204 2903 1709 2970 constitutionis,
1802 2905 1939 2970 Sed
1999 2925 2151 2969 cum
2220 2903 2465 2968 multas
2524 2903 2881 2968 divisiones

576 3007 900 3070 eiusmodi
947 2992 1402 3070 constitutioni
1449 3008 1681 3072 deesse
1735 3009 2213 3092 perspeximus,
2265 3008 2402 3072 lata
2455 3017 2556 3072 est
2598 3029 2640 3072 a
2688 3007 2881 3071 nobis

576 3110 959 3192 plenissima
995 3110 1399 3186 constituti0,
1433 3113 1500 3175 in
1536 3132 1738 3195 quam
1786 3113 2036 3178 multae
2080 3112 2334 3195 species
2379 3110 2659 3175 collatae
2703 3121 2879 3183 sunt,

575 3214 815 3297 quibus
861 3215 962 3277 ius
1005 3213 1384 3278 huiusmodi
1431 3217 1860 3281 successionis
1905 3217 2359 3300 plenissimum
2399 3226 2501 3280 est
2532 3215 2879 3282 effectum:

575 3337 740 3399 quas
772 3337 859 3381 ex
893 3317 1035 3400 ipsa
1067 3317 1352 3382 lectione
1383 3321 1869 3385 constitutionis
1900 3329 2121 3404 potest
2150 3320 2297 3402 quis
2326 3339 2741 3402 cognoscere.

1646 3519 1811 3584 XII.

728 3693 828 3744 DE
877 3693 1498 3746 SUCCESSIONIBUS
1546 3695 1920 3761 SUBLATIS,
1966 3695 2172 3758 QUAE
2218 3695 2546 3746 FIEBANT
2594 3697 2736 3748 PER

918 3797 1285 3849 BONORUM
1331 3796 1867 3848 VENDITIONEM
1918 3799 2014 3848 ET
2058 3799 2158 3849 EX
2207 3799 2547 3853 SENATUS

1280 3901 1673 3953 CONSULTO
1718 3901 2176 3954 CLAUDIANO.

666 4021 877 4089 Erant
936 4033 1094 4090 ante
1160 4024 1567 4109 praedictam
1644 4027 2129 4092 successionem
2190 4027 2349 4092 olim
2411 4038 2479 4093 et
2537 4027 2707 4093 aliae
2766 4048 2883 4112 per

650 4227 680 4295 ς
709 4230 767 4282 5.
806 4229 920 4281 For
957 4227 1013 4282 in
1052 4227 1332 4300 integrum
1368 4229 1648 4286 restitutio
1692 4247 1788 4287 see
1832 4248 1906 4286 on
1946 4231 2052 4286 Bk.
2081 4230 2153 4288 iv.
2176 4231 2229 4288 6.
2256 4247 2323 4301 33
2351 4230 2451 4286 inf.
2541 4232 2669 4288 The
2706 4245 2881 4288 causa

579 4309 666 4368 sor
691 4312 787 4366 the
812 4311 1090 4367 restitutio
1115 4313 1250 4368 here
1275 4313 1323 4368 is
1349 4313 1534 4369 minor
1557 4326 1735 4370 aetas·
2716 4311 2725 4318 ’

672 4391 700 4465 §
727 4399 784 4451 ’1.
819 4395 1152 4465 Justinian's
1177 4414 1303 4452 own
1331 4397 1697 4454 constitution
1723 4398 1771 4454 is
1798 4397 1855 4452 in
1885 4397 2023 4456 Cod.
2053 4411 2103 4466 7.
2131 4413 2181 4453 2.
2214 4410 2291 4468 15.
2326 4397 2442 4454 1-6.

651 4480 773 4534 Tit.
797 4479 887 4533 12.
925 4479 1041 4534 For
1083 4481 1181 4536 the
1221 4491 1434 4552 system
1475 4480 1540 4536 of
1569 4481 1927 4553 bankruptcy
1970 4480 2265 4538 execution
2304 4480 2363 4536 in
2407 4497 2509 4536 use
2558 4477 2738 4536 under
2784 4479 2881 4536 the
