3230 5116
395 449 495 499 Tit.
526 444 627 509 16.]
801 440 922 496 DE
951 439 1291 497 DUOBUS
1318 439 1516 495 REIS
1540 440 1593 494 S
1598 439 1653 494 T
1655 437 2085 510 IPULANDI,
2116 436 2176 491 E
2185 434 2296 492 Tc.
2561 443 2688 513 393

393 608 608 673 facta:
655 617 731 672 ut
762 608 816 671 si
850 606 1240 691 stipulernur
1269 605 1407 669 fieri
1436 605 1686 689 aliquid
1717 605 1820 669 vel
1855 625 1983 669 non
2017 601 2174 666 fieri.
2266 610 2335 665 et
2363 601 2430 664 in
2461 599 2687 663 huius-

396 712 577 775 modi
652 711 1191 793 stipulationibus
1262 710 1589 793 optimum
1671 711 1792 773 erit
1865 727 2150 791 poenam
2225 706 2538 783 subicere,
2608 723 2692 767 ne

396 816 735 898 quantitas
792 814 1235 897 stipulationis
1295 815 1361 877 in
1426 814 1673 877 incerto
1733 812 1820 875 sit
1878 832 1956 875 ac
2017 829 2283 875 necesse
2342 810 2427 872 sit
2485 807 2690 871 actori

395 918 695 1001 probare,
758 919 917 1001 quid
980 920 1119 983 eius
1178 918 1453 982 intersit.
1536 918 1759 1000 itaque
1811 916 1866 979 si
1926 916 2074 998 quis
2133 923 2208 978 ut
2267 912 2380 976 fiat
2443 911 2692 993 aliquid

396 1022 763 1104 stipuletur,
812 1023 906 1085 ita
962 1022 1134 1086 adici
1194 1042 1408 1105 poena
1471 1021 1712 1086 debet:
1768 1019 1858 1099 ‘si
1911 1020 2004 1083 ita
2058 1017 2306 1081 factum
2360 1036 2492 1079 non
2553 1017 2694 1093 erit,

395 1134 541 1189 tum
600 1146 855 1207 poenae
910 1126 1173 1189 nomine
1232 1127 1465 1190 decem
1523 1144 1758 1190 aureos
1817 1125 1976 1188 dare
2033 1115 2403 1204 spondes?'
2473 1119 2594 1183 sed
2639 1119 2693 1183 si

398 1230 728 1311 quaedam
772 1228 931 1302 fieri,
963 1229 1291 1311 quaedam
1328 1249 1461 1292 non
1497 1228 1638 1293 fieri
1683 1247 1814 1292 una
1857 1227 2226 1308 eademque
2262 1224 2694 1305 conceptione

396 1332 765 1414 stipuletur,
808 1332 1099 1397 clausula
1139 1335 1260 1397 erit
1296 1332 1676 1396 huiusmodi
1717 1330 2098 1396 adicienda:
2148 1327 2234 1391 ‘si
2273 1328 2584 1391 adversus
2615 1346 2696 1389 ea

398 1436 649 1501 sactum
680 1438 799 1499 erit
832 1438 968 1501 sive
998 1438 1155 1519 quid
1189 1438 1281 1502 ita
1320 1436 1569 1502 factum
1601 1457 1736 1502 non
1767 1436 1906 1513 erit,
1937 1444 2093 1499 tunc
2131 1452 2386 1515 poenae
2429 1430 2696 1495 nomine

398 1543 631 1606 decem
663 1561 896 1605 aureos
933 1540 1093 1605 dare
1123 1539 1453 1624 spondes?
1473 1540 1489 1569 ’

1454 1806 1647 1873 XVI.

609 1985 710 2036 DE
754 1985 1052 2038 Duossus
1098 1986 1264 2037 RE1s
1312 1986 1764 2037 STIPULANDI
1811 1984 1906 2036 ET
1953 1980 2492 2034 PRoMrr‘rENm.

490 2136 583 2201 Et
613 2136 970 2220 stipulandi
1004 2149 1072 2202 et
1102 2137 1529 2219 promittendi
1567 2138 1701 2201 duo
1743 2137 2045 2219 pluresve
2086 2136 2178 2199 rei
2220 2133 2358 2198 fieri
2399 2140 2698 2216 possunt.

402 2240 760 2324 stipulandi
832 2241 942 2319 ita,
1004 2240 1056 2303 si
1120 2250 1272 2323 post
1340 2240 1639 2305 omnium
1703 2240 2280 2322 interrogationem
2344 2236 2703 2319 promissor

404 2346 803 2426 respondeat
836 2343 1209 2427 ‘sponde0.’
1300 2355 1375 2410 ut
1416 2357 1577 2428 puta
1619 2366 1770 2410 cum
1813 2345 2073 2409 duobus
2103 2342 2458 2427 separatim
2490 2341 2700 2422 stipu-

404 2448 693 2512 lantibus
764 2450 855 2513 ita
919 2449 1278 2530 promissor
1344 2451 1740 2532 respondeat
1811 2456 1828 2483 ⁴
1849 2448 2108 2531 utrique
2176 2456 2470 2511 vestrum
2541 2444 2702 2507 dare

404 2548 779 2636 spondeo:’
827 2573 982 2617 nam
1034 2554 1087 2618 si
1147 2552 1325 2637 prius
1386 2552 1566 2618 Titio
1627 2553 2077 2637 spoponderit,
2133 2552 2374 2617 deinde
2421 2548 2551 2614 alio
2604 2548 2703 2611 in-

402 2666 781 2740 terrogante
804 2658 1147 2739 spondeat,
1171 2657 1301 2721 alia
1324 2667 1525 2741 atque
1546 2657 1676 2721 alia
1701 2659 1824 2722 erit
1854 2655 2171 2740 obligatio
2196 2675 2318 2719 nec
2347 2655 2702 2719 creduntur

406 2903 465 2959 in
495 2904 756 2960 faciendo
781 2904 1132 2961 consistunt!
1202 2906 1326 2961 The
1360 2906 1681 2975 advantage
1706 2905 1772 2959 os
1800 2907 1898 2960 the
1932 2921 2130 2959 course
2165 2900 2606 2958 recommended
2643 2900 2700 2954 in

408 2987 505 3042 the
529 2997 643 3042 text
672 3005 785 3042 was
812 2987 1058 3044 twofold.
1150 2990 1274 3043 The
1309 2988 1592 3059 promisee
1627 3005 1741 3042 was
1779 2987 1953 3042 saved
1991 2988 2088 3042 the
2123 2987 2342 3041 trouble
2375 2985 2441 3038 of
2465 2982 2704 3054 proving

408 3069 577 3138 ‘quid
614 3089 719 3126 sua
755 3071 972 3127 intersit
993 3073 1007 3100 ²
1042 3072 1081 3140 (ι
1095 3073 1427 3143 plerumque
1468 3072 1712 3127 difficilis
1759 3070 2020 3141 probatio
2057 3079 2161 3138 est,
2197 3069 2392 3140 quanti
2432 3067 2702 3137 cuiusque

407 3153 643 3222 intersit,
675 3165 732 3210 et
769 3154 843 3209 ad
881 3155 1141 3224 exiguam
1180 3173 1463 3212 summam
1498 3155 1822 3211 deducitur’
1858 3155 1989 3224 Dig.
2016 3155 2100 3221 46.
2134 3166 2176 3224 5.
2213 3151 2296 3220 11)
2324 3172 2338 3219 ς
2375 3152 2488 3206 and
2528 3150 2576 3203 if
2607 3151 2704 3204 the

408 3248 663 3293 contract
689 3255 851 3293 came
876 3249 937 3293 to
960 3239 1033 3294 be
1058 3239 1201 3294 sued
1224 3257 1394 3312 upon,
1418 3242 1511 3295 the
1538 3240 1758 3310 ground
1778 3239 1843 3293 of
1859 3238 2048 3293 action
2075 3256 2188 3292 was
2214 3247 2313 3292 not
2339 3237 2435 3290 the
2454 3233 2704 3305 promise

408 3331 468 3375 to
506 3321 599 3389 do,
624 3322 723 3376 but
762 3324 857 3377 the
894 3323 1143 3393 promise
1179 3333 1240 3379 to
1274 3339 1385 3394 pay
1412 3341 1475 3378 so
1509 3325 1680 3378 much
1718 3323 1774 3378 in
1810 3322 2039 3390 default‚
2067 3340 2132 3376 so
2165 3323 2288 3376 that
2326 3321 2422 3375 the
2455 3317 2706 3385 remedy,

409 3405 633 3460 instead
659 3407 725 3459 of
739 3406 914 3476 being
938 3409 1035 3462 the
1060 3408 1209 3463 actio
1234 3425 1303 3463 ex
1329 3407 1614 3479 stipulatu,
1642 3423 1758 3461 was
1791 3405 2076 3461 condictio
2114 3404 2250 3460 certi
2282 3403 2415 3458 with
2441 3402 2512 3458 its
2538 3401 2708 3473 penal

410 3490 643 3561 sponsio
686 3491 751 3547 of
782 3508 892 3547 one
936 3491 1089 3547 third
1126 3493 1192 3546 os
1224 3494 1319 3549 the
1358 3509 1483 3547 sum
1524 3492 1580 3548 in
1620 3491 1880 3561 disputet
1921 3492 2082 3545 ‘cum
2120 3488 2244 3560 quis
2283 3505 2398 3543 non
2435 3485 2707 3542 adiecerit

408 3591 655 3646 poenam
681 3616 695 3629 .
722 3617 735 3630 .
764 3617 777 3630 .
806 3575 1001 3630 incerti
1040 3576 1327 3646 agendum
1353 3577 1510 3632 esse'
1537 3575 1670 3646 Dig.
1697 3591 1743 3630 2.
1776 3587 1822 3645 5.
1851 3589 1898 3643 3.
1981 3575 2038 3627 If
2055 3592 2130 3628 no
2157 3572 2394 3627 interval
2420 3588 2534 3626 was
2561 3569 2709 3624 fixed

408 3659 496 3712 for
519 3659 617 3714 the
654 3660 1045 3729 performance
1080 3660 1145 3714 os
1171 3676 1244 3714 an
1276 3670 1367 3715 act
1406 3660 1644 3715 secured
1678 3659 1756 3728 by
1785 3675 1822 3713 a
1843 3659 2091 3727 penalty,
2117 3658 2216 3712 the
2245 3657 2412 3710 latter
2437 3655 2604 3710 could
2637 3654 2710 3708 be

410 3742 553 3798 sued
578 3743 665 3797 for
687 3743 879 3798 unless
917 3745 1013 3798 the
1047 3755 1141 3798 act
1174 3761 1289 3799 was
1326 3744 1648 3815 performed
1678 3742 1872 3797 within
1898 3759 1933 3796 a
1957 3742 2291 3796 reasonable
2316 3739 2489 3795 time:
2531 3737 2712 3793 ‘intra

411 3837 687 3896 quantum
724 3837 915 3880 autern
952 3827 1242 3897 tempori5‚
1272 3828 1379 3882 nisi
1421 3828 1585 3882 detur
1622 3828 1775 3898 quod
1812 3826 2022 3881 arbiter
2058 3824 2298 3893 iusserit,
2325 3821 2711 3878 committatur

413 3907 720 3977 stipulatio,
763 3908 1072 3963 videndum
1121 3921 1224 3979 est,
1269 3921 1325 3965 et
1376 3910 1423 3964 si
1469 3909 1698 3981 quidem
1743 3909 1866 3964 dies
1911 3908 2165 3964 adiectus
2215 3924 2329 3962 non
2375 3905 2462 3974 sit,
2510 3905 2710 3960 Celsus

414 3989 609 4043 scribit
649 3990 791 4044 libro
830 3990 899 4044 iio
944 3992 1311 4062 Digestorum
1352 3993 1539 4048 inesse
1582 3993 1872 4064 quoddam
1915 3991 2202 4047 modicum
2245 4001 2507 4060 tempus:
2560 3988 2712 4060 quod

414 4072 511 4127 ubi
538 4073 903 4142 praeterierit,
928 4091 1114 4145 poena
1138 4077 1329 4132 statim
1356 4077 1470 4147 peti
1496 4088 1685 4148 potest
1701 4078 1716 4105 ’
1742 4077 1870 4147 Dig.
1899 4091 1953 4143 4.
1979 4079 2029 4131 8.
2057 4091 2138 4130 21.
2175 4091 2253 4129 12.
2326 4076 2453 4129 The
2479 4082 2713 4129 amount

414 4157 480 4210 of
498 4157 595 4210 the
620 4173 807 4226 poena
832 4160 947 4214 had
972 4178 1047 4214 no
1072 4177 1329 4216 measure
1356 4172 1555 4231 except
1581 4162 1677 4216 the
1702 4161 1811 4215 will
1843 4161 1909 4216 of
1937 4161 2033 4216 the
2067 4160 2294 4231 partieS,
2319 4159 2433 4214 and
2461 4158 2502 4213 it
2533 4157 2714 4228 might

413 4241 489 4296 be
515 4242 822 4297 recovered
854 4242 912 4298 in
950 4244 1065 4312 full,
1092 4261 1235 4299 even
1272 4245 1487 4314 though
1514 4245 1726 4315 largely
1751 4245 2061 4315 exceeding
2093 4247 2188 4300 the
2214 4245 2378 4299 value
2408 4244 2475 4297 of
2501 4244 2597 4297 the
2623 4251 2716 4296 act

415 4342 482 4380 or
518 4325 888 4381 forbearance
926 4327 1230 4397 stipulated
1272 4331 1373 4397 sor,
1416 4329 1548 4397 Dig.
1573 4345 1622 4395 4
1652 4330 1701 4384 8.
1730 4344 1812 4396 32.
1841 4347 1962 4400 pr.;
2007 4345 2091 4386 21.
2119 4345 2168 4386 2.
2200 4330 2279 4399 56.
2359 4330 2426 4382 ln
2473 4325 2712 4396 English

414 4410 523 4464 law
549 4409 662 4464 this
698 4409 745 4463 is
785 4409 1077 4466 different:
1119 4411 1151 4466 8
1188 4412 1303 4467 and
1340 4426 1375 4481 9
1410 4412 1560 4466 Will.
1594 4413 1704 4466 111.
1734 4428 1783 4467 c.
1818 4427 1872 4466 11
1902 4430 1916 4480 ;
1953 4427 1987 4480 4
2012 4414 2126 4467 and
2158 4426 2184 4482 5
2213 4415 2395 4479 Anne,
2423 4429 2469 4466 c.
2505 4411 2606 4475 163
2647 4423 2715 4476 23

416 4493 531 4548 and
558 4507 627 4559 24
652 4493 800 4548 Vict.
828 4510 875 4549 c.
912 4494 1008 4548 126
1031 4513 1044 4562 ;
1083 4495 1153 4549 cf.
1182 4495 1273 4550 Sir
1296 4496 1387 4551 W.
1416 4496 1485 4550 R.
1511 4496 1755 4550 Anson's
1785 4496 1916 4550 Law
1941 4497 2008 4551 of
2026 4498 2295 4552 Contract
2321 4511 2412 4565 pp.
2434 4507 2624 4562 243-4.

486 4580 609 4634 trit.
632 4581 806 4633 XVI.
884 4580 999 4634 For
1023 4579 1273 4651 solidary
1291 4581 1407 4635 and
1432 4580 1644 4635 correaJ
1671 4579 1980 4651 obligation
2003 4580 2156 4650 (with
2178 4597 2286 4635 one
2312 4579 2376 4633 of
2393 4577 2491 4633 the
2516 4576 2716 4631 modes
