3230 5116
568 422 691 493 170
973 418 1680 475 INSTITUTIONUM
1713 417 1955 474 LIBRI
1992 414 2462 489 QUATTUOR.
2667 415 2798 483 [Lib.
2821 419 2864 471 1.

562 582 1008 650 admittuntur
1041 607 1131 652 ex
1162 585 1475 669 rescripto
1506 585 1810 650 divorum
1851 580 2080 649 Severi
2112 591 2180 647 et
2207 578 2557 658 Antonini,
2589 581 2707 644 sed
2738 578 2866 644 hae

564 688 762 768 solae,
795 710 968 772 quae
999 690 1269 773 pietatis
1298 690 1784 767 necessitudine
1827 689 2071 753 ductae
2099 688 2188 752 ad
2217 685 2345 752 hoc
2376 685 2761 770 procedunt,
2792 691 2868 748 ut

560 802 729 876 puta
772 802 1022 859 mater:
1070 795 1298 859 nutrix
1340 814 1607 877 quoque
1649 802 1716 859 et
1757 793 1906 857 avia
1942 800 2238 876 possunt,
2273 799 2497 873 potest
2533 799 2602 854 et
2641 808 2865 854 soror:

562 899 681 963 sed
714 908 783 963 et
822 898 877 963 si
920 920 1053 982 qua
1090 899 1325 963 mulier
1352 898 1565 977 fuerit,
1596 896 1782 963 cuius
1811 906 2077 980 praetor
2121 914 2514 979 perpensam
2545 892 2868 977 pietatem

565 1001 970 1068 intellexerit
1020 1024 1153 1067 non
1206 1023 1411 1069 sexus
1461 1002 1928 1067 verecundiam
1981 998 2399 1083 egredientiS,
2445 998 2562 1063 sed
2617 997 2869 1081 pietate

564 1106 961 1189 productam
986 1126 1116 1171 non
1140 1108 1477 1172 continere
1500 1107 1803 1171 iniuriam
1835 1104 2254 1187 pupillorum,
2271 1102 2570 1167 admittit
2601 1120 2751 1165 eam
2779 1099 2868 1163 ad

504 1228 540 1281 4
564 1212 1073 1276 accusationem.
1165 1212 1555 1294 Impuberes
1584 1230 1722 1273 non
1751 1217 2030 1293 possunt
2059 1216 2313 1272 tutores
2343 1227 2498 1270 suos
2527 1213 2870 1288 suspectos

566 1315 937 1397 postulare:
984 1316 1263 1398 puberes
1292 1328 1518 1380 autem
1558 1322 1892 1381 curatores
1927 1332 2082 1378 suos
2127 1333 2218 1376 ex
2257 1310 2530 1377 consilio
2569 1328 2869 1374 necessa·

507 1428 542 1483 5
568 1418 810 1483 riorum
846 1431 1189 1503 suspectos
1226 1430 1506 1504 possunt
1550 1440 1862 1503 arguere:
1909 1427 1978 1483 et
2013 1417 2109 1482 ita
2139 1418 2273 1481 divi
2310 1415 2596 1481 Severus
2624 1424 2694 1479 et
2723 1412 2872 1478 An·-

565 1524 833 1587 toninus
875 1525 1365 1607 rescripserunt.
1468 1523 1838 1607 Suspectus
1869 1534 1971 1588 est
2001 1532 2250 1598 autem,
2283 1521 2396 1604 qui
2429 1539 2563 1584 non
2607 1540 2696 1584 ex
2738 1518 2873 1583 fide

568 1626 847 1691 tutelam
877 1629 1063 1711 gerit,
1086 1628 1244 1693 licet
1275 1628 1593 1693 solvendo
1626 1638 1744 1703 est,
1765 1637 1842 1691 ut
1875 1637 1942 1692 et
1974 1627 2270 1691 Iulianus
2299 1645 2565 1708 quoque
2595 1624 2871 1706 scripsit.

566 1732 687 1796 sed
732 1742 801 1797 et
839 1741 1012 1811 ante,
1056 1754 1259 1815 quam
1305 1734 1577 1816 incipiat
1620 1752 1850 1815 gerere
1895 1731 2176 1796 tutelam
2222 1740 2422 1805 tutor,
2478 1749 2672 1812 posse
2717 1748 2871 1791 eum

568 1835 759 1919 quasi
790 1847 1171 1920 suspectum
1204 1838 1523 1902 removeri
1554 1838 1735 1902 idem
1769 1836 2066 1901 Iulianus
2097 1834 2359 1918 scripsit
2401 1844 2469 1899 et
2506 1833 2870 1897 secundum

506 1958 544 2012 6
568 1960 721 2004 eum
782 1942 1218 2006 constitutum
1278 1950 1395 2007 est.
1520 1941 1890 2025 Suspectus
1955 1949 2182 2005 autem
2244 1947 2554 2015 remotus,
2614 1937 2670 2001 si
2731 1936 2876 2019 qui-

510 2053 543 2107 7
569 2045 724 2133 dem
766 2046 855 2110 ob
893 2045 1142 2121 dolum,
1190 2045 1486 2111 famosus
1530 2055 1674 2111 est:
1729 2046 1784 2111 si
1829 2045 1917 2109 ob
1963 2045 2248 2127 culpam,
2297 2063 2428 2107 non
2475 2062 2707 2126 aeque.
2800 2040 2874 2106 Si

569 2151 719 2233 quis
749 2158 975 2214 autem
998 2158 1343 2233 suspectus
1370 2150 1760 2235 postulatur,
1787 2148 2007 2232 quoad
2040 2148 2331 2231 cognitio
2360 2145 2643 2223 finiatur,
2678 2146 2876 2209 inter-

510 2266 545 2319 8
571 2254 811 2318 dicitur
847 2255 905 2318 ei
947 2255 1451 2331 administrati0‚
1488 2263 1563 2318 ut
1606 2254 1974 2337 Papiniano
2006 2253 2220 2316 visum
2267 2261 2386 2317 est.
2478 2251 2616 2317 Sed
2647 2252 2702 2315 si
2733 2270 2873 2315 sus-

509 2372 545 2427 9
571 2356 748 2440 pecti
808 2358 1101 2440 cognitio
1160 2368 1469 2442 suscepta
1519 2358 1720 2423 fuerit
1781 2367 2150 2441 posteaque
2210 2366 2393 2421 tutor
2447 2356 2554 2421 vel
2614 2362 2878 2420 curator

571 2461 947 2537 decesserit,
980 2462 1396 2544 extinguitur
1425 2462 1718 2545 cognitio
1749 2461 2060 2544 suspecti.
2127 2459 2202 2525 Si
2231 2460 2380 2543 quis
2404 2468 2588 2525 tutor
2614 2459 2876 2542 copiam

574 2717 865 2789 publicum
904 2718 1014 2788 (sor
1049 2718 1233 2774 which
1272 2735 1370 2774 see
1409 2719 1515 2775 Bk.
1553 2717 1627 2774 iv.
1659 2719 1724 2774 18
1763 2716 1903 2787 inf.),
1947 2714 2064 2772 and
2100 2717 2318 2787 though
2351 2716 2395 2772 it
2429 2716 2741 2772 resembles
2779 2717 2878 2774 the

574 2803 827 2858 actiones
853 2803 1153 2874 populares
1190 2803 1247 2858 in
1278 2801 1436 2873 lying
1470 2812 1529 2858 at
1562 2803 1661 2858 the
1693 2800 1805 2858 suit
1843 2801 1910 2856 of
1943 2819 2058 2871 any
2083 2817 2193 2857 one
2230 2801 2452 2871 <except
2491 2799 2754 2870 infames)
2779 2801 2880 2856 the

574 2886 761 2958 object
787 2886 852 2941 of
869 2887 1030 2943 these
1056 2905 1171 2943 was
1197 2888 1460 2958 properly
1483 2887 1674 2942 rather
1697 2887 1795 2944 the
1821 2903 2089 2956 recovery
2112 2885 2178 2940 of
2203 2903 2240 2940 a
2274 2885 2523 2955 penalty,
2547 2901 2644 2939 see
2671 2883 2778 2939 Bk.
2804 2884 2879 2940 iv.

577 2985 627 3042 5.
660 2987 680 3026 1
704 2991 719 3038 ς
745 2970 816 3027 ib.
846 2987 898 3041 9.
932 2987 951 3026 1
986 2970 1083 3026 inf.
1156 2973 1344 3027 There
1376 2971 1423 3026 is
1449 2970 1740 3042 evidence,
1766 2971 2044 3039 however,
2069 2970 2192 3025 that
2217 2970 2315 3025 the
2340 2967 2669 3040 magistrate
2695 2986 2880 3026 some-

576 3054 743 3112 times
770 3055 1022 3110 inflicted
1047 3073 1082 3111 a
1108 3056 1235 3126 fine,
1263 3057 1330 3110 of
1346 3054 1529 3110 which
1556 3072 1591 3110 a
1615 3055 1742 3110 half
1759 3063 1906 3110 went
1930 3064 1991 3109 to
2016 3054 2112 3108 the
2138 3069 2385 3108 accuser.
2463 3052 2797 3123 Colleagues
2824 3052 2891 3107 of

575 3141 672 3196 the
697 3149 849 3196 tutor
872 3156 1076 3209 gerens
1103 3158 1249 3196 were
1286 3141 1493 3211 legally
1516 3139 1714 3194 bound
1747 3148 1808 3194 to
1845 3154 2049 3193 accuse
2074 3137 2193 3192 him
2231 3155 2296 3192 as
2333 3147 2646 3208 suspectus,
2671 3136 2721 3190 if
2746 3136 2881 3206 they

574 3242 693 3280 saw
736 3241 947 3291 cause3
998 3224 1113 3278 and
1156 3223 1215 3278 in
1255 3224 1469 3279 default
1509 3222 1577 3277 of
1615 3239 1692 3277 an
1735 3239 1970 3278 accuser
2012 3221 2110 3277 the
2151 3221 2484 3291 magistrate
2523 3220 2706 3290 might
2748 3221 2880 3276 take

577 3324 865 3363 measures
891 3307 977 3363 for
1002 3307 1090 3362 his
1117 3306 1438 3378 deposition
1465 3305 1670 3362 virtute
1696 3304 1883 3375 officii,
1909 3306 2043 3376 Dig.
2069 3305 2154 3360 26.
2187 3320 2262 3359 10.
2293 3318 2340 3373 3.
2369 3319 2419 3372 4.

650 3391 824 3446 Some
849 3390 1065 3446 further
1098 3391 1460 3446 information
1492 3407 1559 3445 as
1592 3398 1654 3444 to
1686 3390 1784 3444 the
1816 3389 2086 3459 meaning
2115 3388 2181 3443 of
2210 3397 2505 3458 suspectus
2543 3386 2591 3442 is
2627 3385 2794 3457 given
2822 3385 2880 3441 in

580 3472 643 3544 §§
672 3488 707 3543 9
730 3473 847 3529 and
879 3489 941 3542 13
967 3473 1064 3529 ins.
1140 3474 1353 3544 Ulpian
1379 3473 1620 3542 thought
1651 3473 1773 3528 that
1810 3489 1845 3528 a
1882 3488 2088 3542 person
2124 3473 2411 3543 proposed
2435 3489 2500 3527 as
2524 3480 2676 3526 tutor
2699 3469 2881 3540 might

576 3558 649 3614 be
686 3556 935 3627 rejected
972 3574 1047 3612 on
1084 3558 1181 3612 the
1217 3556 1440 3626 ground
1477 3556 1543 3611 of
1570 3573 1731 3611 some
1766 3555 2125 3611 misconduct
2161 3555 2227 3610 of
2257 3555 2437 3610 which
2475 3554 2549 3610 he
2585 3555 2700 3609 had
2734 3554 2881 3608 been

578 3639 757 3712 guilty
793 3640 985 3696 before
1021 3639 1281 3710 entering
1317 3658 1391 3695 on
1428 3641 1527 3696 the
1565 3641 1746 3709 office,
1779 3640 1881 3694 but
1918 3639 2040 3695 that
2078 3638 2220 3693 until
2258 3639 2332 3694 he
2361 3638 2479 3694 had
2517 3638 2668 3693 done
2705 3654 2770 3692 so
2809 3638 2884 3692 he

578 3725 748 3782 could
789 3735 889 3779 not
929 3725 1003 3780 be
1044 3724 1368 3796 proceeded
1405 3723 1630 3794 against
1667 3741 1732 3780 as
1769 3733 2084 3794 suspectus»,
2121 3740 2266 3779 even
2303 3723 2518 3791 though
2557 3723 2656 3778 the
2691 3736 2887 3789 wrong

580 3809 699 3866 had
722 3808 967 3865 affected
992 3809 1090 3864 the
1114 3808 1317 3879 pupils’
1342 3808 1625 3878 interestS‚
1653 3807 1784 3878 Dig.
1815 3807 1898 3863 26.
1933 3823 2012 3862 10.
2040 3823 2087 3877 3.
2115 3822 2150 3876 4
2177 3807 2293 3862 and
2323 3818 2368 3877 5.
2439 3805 2698 3877 Julianus
2725 3803 2884 3876 (Dig.

579 3905 664 3960 27.
699 3907 743 3947 1.
770 3891 859 3960 20)
888 3893 1021 3947 held
1048 3893 1145 3949 the
1170 3892 1403 3963 opinion
1429 3891 1781 3948 maintained
1807 3891 1864 3946 in
1888 3891 1987 3946 the
2011 3901 2144 3959 text,
2165 3892 2288 3946 that
2315 3906 2458 3946 even
2483 3889 2677 3944 before
2702 3898 2884 3944 enter-

578 3975 678 4046 ing
702 3992 777 4031 on
802 3975 891 4029 his
918 3975 1103 4032 duties
1128 3977 1201 4032 he
1227 3976 1395 4032 could
1417 3977 1491 4032 be
1517 3975 1766 4046 charged
1790 3991 1854 4030 as
1881 3985 2195 4046 suspectus.

653 4059 681 4132 ξ
710 4063 765 4116 6.
805 4059 820 4087 ‘
841 4061 1149 4130 Suspectus
1188 4069 1402 4115 tutores
1438 4077 1507 4116 ex
1545 4060 1695 4128 dolo,
1732 4076 1847 4114 non
1882 4059 2056 4114 etiam
2089 4055 2205 4127 eos,
2239 4056 2336 4129 qui
2374 4057 2448 4112 ob
2480 4053 2886 4126 negligentiam

580 4142 783 4199 remoti
808 4153 956 4212 sunt,
982 4142 1223 4200 infames
1250 4143 1367 4222 fieri
1394 4142 1759 4198 manifestum
1793 4151 1880 4198 est
1899 4145 1912 4170 ’
1939 4141 2077 4197 Cod.
2111 4155 2155 4211 5.
2182 4155 2268 4208 43.
2295 4155 2344 4211 9.
2425 4141 2478 4194 1t
2505 4155 2710 4207 seems,
2735 4138 2887 4192 how-

582 4245 732 4296 ever,
769 4227 893 4282 that
935 4228 1185 4282 removal
1229 4225 1315 4281 for
1356 4227 1475 4282 lata
1515 4227 1684 4297 culpa
1725 4225 1975 4281 entailed
2018 4223 2287 4280 infamia:
2339 4223 2355 4254 ‘
2371 4223 2420 4279 si
2463 4223 2615 4277 fraus
2659 4237 2773 4276 non
2816 4218 2889 4276 sit

582 4309 851 4380 admissa,
876 4310 981 4366 sed
1004 4310 1123 4366 lata
1145 4310 1509 4382 negligentia,
1534 4309 1670 4382 quia
1705 4309 1816 4365 ista
1851 4325 2028 4380 prope
2063 4308 2324 4364 fraudem
2347 4305 2586 4376 accedit,
2611 4303 2888 4361 removeri

582 4395 735 4450 hunc
759 4394 921 4467 quasi
947 4405 1273 4466 suspectum
1298 4404 1521 4465 oportet
1538 4397 1551 4422 ’
1578 4393 1712 4464 Dig.
1739 4393 1825 4449 26.
1859 4408 1938 4448 ιο.
1963 4405 2011 4460 7.
2047 4407 2092 4460 1,
2117 4391 2134 4420 ‘
2150 4390 2198 4447 si
2235 4389 2585 4462 negligentia
2619 4399 2676 4444 et
2713 4386 2892 4443 nimia

583 4477 829 4534 cessatio
865 4477 1143 4535 obiciatur
1165 4519 1180 4534 .
1210 4519 1222 4536 .
1249 4519 1262 4534 .
1290 4478 1699 4536 removendum
1729 4493 1878 4546 eum,
1905 4475 2001 4547 qui
2035 4475 2242 4546 dignus
2279 4473 2380 4532 tali
2406 4479 2545 4530 nota
2577 4471 2860 4529 videbitur
2877 4472 2893 4502 ’

583 4560 722 4632 Dig.
747 4575 834 4632 27.
859 4577 911 4620 2.
934 4562 985 4620 6.
