3230 5116
547 394 675 460 294
949 385 1656 442 INSTITUTIONUM
1691 385 1932 441 LIBRI
1967 385 2441 458 QUATTUOR.
2632 387 2763 454 [Lib.
2788 391 2853 440 11.

1604 593 1797 659 XXI.

653 771 844 832 ...DE
889 770 1380 830 ADEMPTIQNE
1425 769 1891 825 LEGATORUM
1939 770 2034 823 ET
2078 771 2705 846 TRANSLa’rIoNE..
2744 821 2753 826 .
2806 821 2809 824 ,

639 918 1011 1006 Adem'ptio
1067 919 1459 1004 legatorum,
1517 919 1657 984 sive
1720 919 1958 984 eodem
2018 930 2424 987 testamento
2481 922 2859 988 adimantur

554 1023 693 1089 sive
733 1025 1071 1101 codicillis,
1112 1023 1303 1088 firma
1348 1033 1466 1101 est,
1507 1025 1647 1088 sive
1692 1023 2033 1088 contrariis
2068 1026 2287 1090 verbis
2333 1024 2451 1091 fiat
2495 1027 2856 1109 ademptio,

551 1128 757 1194 veluti
803 1129 879 1206 si,
912 1131 1092 1214 quod
1137 1128 1424 1212 itaquis
1469 1127 1787 1211 legaverit
1816 1129 1940 1193 ‘do
1977 1126 2165 1212 lego,'
2196 1130 2290 1194 ita
2323 1130 2655 1197 adimatur
2676 1137 2703 1166 ‘⁴
2728 1151 2861 1196 non

556 1233 646 1297 do
695 1217 830 1298 non
880 1229 1074 1316 lego,'
1119 1233 1258 1296 sive
1306 1252 1436 1296 non
1486 1231 1842 1311 contrariiS,
1889 1233 1954 1296 id
2001 1242 2103 1297 est
2150 1233 2295 1299 aliis
2337 1235 2859 1318 quibuscumque

498 1347 524 1401 1
555 1336 789 1401 verbis.
877 1331 1246 1402 Transferri
1289 1357 1556 1420 quoque
1599 1335 1898 1418 legatum
1942 1337 2029 1400 ab
2073 1337 2204 1402 alio
2248 1339 2337 1403 ad
2380 1338 2582 1403 alium
2618 1348 2860 1422 potest,

554 1439 756 1505 veluti
817 1440 874 1505 si
931 1443 1078 1526 quis
1125 1442 1220 1506 ita
1278 1441 1560 1506 dixerit:
1634 1446 1649 1475 ‘
1669 1440 2009 1505 hominem
2072 1441 2395 1523 Stichum,
2444 1443 2644 1554 quem
2678 1443 2862 1508 Titio

557 1544 790 1627 legavi,
870 1541 1026 1610 Seio
1086 1546 1177 1609 do
1233 1541 1427 1628 leg0,’
1484 1544 1625 1609 sive
1684 1543 1767 1607 ἰιι
1818 1545 2055 1609 eodem
2116 1549 2519 1612 testamento
2579 1547 2719 1610 sive
2794 1547 2860 1610 in

557 1647 875 1712 codicillis
918 1647 1046 1713 hoc
1081 1648 1344 1714 fecerit:
1399 1669 1534 1732 quo
1578 1668 1734 1712 casu
1776 1646 1976 1713 ‘simul
2014 1648 2198 1715 Titio
2242 1651 2445 1715 adimi
2489 1648 2757 1716 videtur
2794 1661 2862 1715 et

561 1747 720 1816 Seio
762 1752 924 1817 dari.

1601 1838 1867 1904 XXII.

1267 2071 1270 2076 .
1341 2017 1442 2070 DE
1488 2016 1687 2070 LEGE
1732 2017 1775 2066 F
1779 2016 2104 2071 ALCIDIA.

563 2179 578 2184 “
649 2166 986 2252 Superest,
1050 2177 1124 2233 ut
1198 2168 1300 2232 de'
1355 2167 1506 2252 Iege
1563 2165 1860 2232 Falcidia
1926 2166 2373 2251 dispiciamus,
2435 2189 2567 2252 qua
2628 2169 2866 2234 modus

562 2273 914 2337 novissime
961 2272 1198 2356 legatis
1251 2273 1602 2354 impositus
1652 2281 1771 2336 est'.
1828 2281 2014 2337 ‘cum
2076 2273 2253 2337 enim
2306 2273 2465 2338 olim
2514 2275 2659 2357 lege
2703 2275 2866 2338 duo-

560 2376 777 2442 decim
819 2375 1197 2442 tabularum
1241 2375 1448 2439 libera
1494 2383 1637 2440 erat
1681 2375 1948 2457 legandi
1994 2387 2311 2459 potestaS,
2366 2377 2440 2441 ut
2497 2377 2720 2442 liceret
2762 2377 2869 2441 vel

559 2488 776 2544 totum
808 2481 1280 2562 patrimonium
1309 2478 1550 2564 legatis
1583 2500 1851 2563 erogare
1882 2477 2159 2567 (quippe
2190 2501 2270 2545 ea
2300 2480 2448 2564 lege
2477 2483 2572 2547 ita
2603 2490 2869 2546 cautum

561 2595 778 2651 esset:
848 2585 946 2649 uti
999 2585 1272 2667 legassit
1317 2606 1477 2650 suae
1538 2586 1649 2661 rei,
1698 2587 1791 2650 ita
1846 2585 1949 2650 ius
1999 2583 2213 2671 esto):
2289 2588 2505 2651 visum
2551 2597 2653 2652 est
2699 2586 2869 2651 hanc

560 2690 831 2773 legand'i
878 2690 1210 2755 licentiam
1261 2694 1575 2769 coartare,
1624 2690 1826 2774 idque
1874 2691 2165 2773 ipsorum
2214 2700 2609 2757 testatorum
2656 2691 2871 2773 gratia

561 2794 897 2877 provisum
947 2804 1048 2859 est
1068 2799 1075 2807 ’
1099 2794 1188 2858 ob
1241 2794 1327 2873 id,
1374 2795 1553 2877 quod
1613 2794 2004 2878 plerumque
2057 2790 2351 2861 intestati
2408 2795 2871 2873 moriebantur,

563 2999 853 3055 voluntate
892 2998 1140 3054 defuncti
1179 3009 1415 3070 apparet
1437 3001 1450 3028 ’
1475 2999 1606 3070 Dig.
1638 3004 1722 3067 34.
1747 3000 1799 3055 6.
1827 3000 1883 3069 2)
1911 3020 1926 3066 ;
1970 3001 2163 3056 unless
2204 2998 2246 3055 it
2287 3000 2576 3070 appeared
2613 3001 2736 3055 that
2776 3000 2873 3054 the

564 3092 804 3139 testator
842 3082 1121 3153 designed
1159 3084 1258 3139 the
1297 3083 1498 3155 legacy
1541 3100 1604 3138 as
1643 3101 1679 3139 a
1718 3101 1918 3139 means
1956 3083 2025 3139 of
2058 3076 2430 3154 compulsion,
2472 3083 2515 3138 it
2552 3100 2667 3138 was
2703 3082 2873 3153 valid‚

569 3166 705 3237 Dig.
732 3181 818 3235 31.
846 3180 897 3234 3.
923 3181 973 3221 2.

636 3254 758 3307 ¹1¹1t.
781 3254 960 3306 ΧΧῙ.
1003 3252 1118 3305 For
1140 3249 1382 3306 codicilli
1409 3267 1506 3307 see
1492 3216 1647 3306 Tit.
1673 3263 1738 3322 25
1768 3252 1883 3305 and
1908 3260 2073 3306 notes
2100 3249 2199 3305 inf.
2273 3247 2512 3305 Besides
2542 3250 2640 3325 the
2674 3248 2873 3303 modes

567 3331 937 3389 mentioned
923 3349 982 3387 ιιι
1006 3330 1103 3388 the
1129 3344 1264 3401 text,
1272 3330 1326 3388 ’3
1348 3334 1550 3403 legacy
1572 3326 1756 3402 might
1790 3334 1863 3389 be
1890 3333 2063 3388 taken
2096 3350 2257 3402 away
2281 3332 2359 3402 by
2384 3330 2605 3401 erasing
2632 3331 2729 3386 the
2760 3330 2874 3386 dis-

493 3440 502 3447 ·
568 3414 816 3485 position
852 3415 998 3469 from
1024 3416 1122 3471 the
1145 3414 1273 3483 will,
1301 3415 1432 3486 Dig.
1461 3429 1545 3482 34
1573 3415 1722 3482 416
1746 3416 1861 3471 and
1893 3430 1975 3483 17,
2009 3434 2074 3471 or
2110 3415 2307 3486 tacitly
2342 3416 2420 3485 by
2454 3432 2567 3483 any
2598 3424 2691 3469 act
2726 3414 2875 3468 from

569 3497 754 3553 which
776 3496 822 3553 it
848 3498 1018 3552 co'uld
1039 3499 1111 3552 be
1136 3499 1412 3569 gathered
1437 3499 1560 3553 that
1585 3501 1684 3554 the
1708 3509 1947 3555 testator
1970 3516 2048 3554 no
2074 3500 2271 3568 longer
2291 3497 2509 3553 wished
2532 3499 2631 3553 the
2654 3498 2877 3567 legatee

568 3591 633 3637 to
664 3581 813 3636 have
849 3581 948 3635 the
983 3581 1240 3651 bequest,
1265 3598 1313 3636 e.
1329 3598 1383 3651 g.
1410 3582 1486 3650 by
1523 3581 1831 3637 alienation
1868 3582 1941 3637 of.
1964 3584 2061 3638 the
2098 3600 2189 3637 res
2219 3584 2426 3653 legata,
2459 3597 2520 3637 12
2546 3598 2715 3652 supr.‚
2743 3580 2874 3651 Dig.

572 3678 658 3734 34.
683 3678 738 3731 4.
770 3677 850 3735 15,
890 3666 1006 3719 and
1045 3681 1082 3720 a
1119 3665 1320 3735 legacy
1360 3682 1474 3719 was
1523 3681 1667 3720 even
1712 3664 1846 3721 held
1884 3675 1946 3721 to
1983 3666 2059 3721 be
2095 3666 2351 3722 revoked·
2389 3665 2440 3719 if
2469 3666 2567 3721 the
2606 3663 2876 3721 relations

569 3750 827 3803 between
870 3748 970 3804 the
1010 3747 1222 3819 parties
1259 3747 1498 3804 became
1541 3748 1681 3803 such
1715 3750 1839 3804 that
1878 3766 1913 3804 a
1950 3748 2327 3804 continuance
2364 3748 2431 3803 of
2459 3749 2555 3803 the
2595 3748 2877 3803 testator’s

571 3832 911 3888 benevolent
948 3831 1225 3887 intention
1264 3832 1432 3887 could
1470 3842 1570 3888 not
1613 3833 1688 3887 be
1724 3834 2047 3904 presumed,
2084 3850 2133 3888 e.
2150 3850 2204 3902 g.
2246 3832 2295 3887 if
2326 3849 2362 3887 a
2400 3831 2619 3887 serious
2662 3830 2879 3899 enmity

571 3932 737 3971 arose
774 3915 1030 3970 between
1072 3916 1246 3984 them,
1287 3914 1420 3986 Dig.
1447 3929 1532 3984 34.
1558 3930 1610 3983 4.
1639 3930 1688 3985 3.
1722 3931 1799 3971 11.
1878 3916 2081 3972 Under
2116 3918 2214 3972 the
2258 3916 2417 3971 older
2451 3917 2560 3971 law
2596 3913 2881 3971 contraria

573 3999 748 4055 verba
770 3999 888 4053 had
911 3998 1058 4054 been
1085 3997 1347 4069 required
1380 3999 1468 4053 for
1499 4016 1573 4054 an
1600 4016 1830 4070 express
1864 4000 2215 4071 ademption,
2241 3999 2257 4027 ‘
2273 3999 2410 4054 dum
2443 4010 2637 4055 tamen
2675 3998 2880 4054 eodem

576 4082 748 4137 modo
773 4082 1074 4150 adimatur,
1101 4098 1214 4152 quo
1239 4080 1412 4136 modo
1438 4081 1637 4137 datum
1662 4092 1749 4138 est
1766 4084 1780 4111 ’
1806 4082 2037 4153 Ulpian,
2063 4100 2181 4153 reg.
2208 4096 2291 4150 24.
2322 4097 2406 4152 29.
2657 4134 2664 4141 .

647 4166 678 4234 §
705 4168 752 4219 1.
793 4166 808 4193 ‘
829 4164 1151 4220 Translatio
1176 4165 1345 4237 legati
1372 4165 1433 4221 fit
1458 4175 1726 4237 quattuor
1762 4166 1948 4222 modis
1972 4185 1983 4222 :
2021 4176 2119 4221 aut
2146 4165 2300 4222 enim
2323 4183 2360 4220 a
2384 4182 2631 4237 persona
2662 4164 2721 4219 in
2759 4180 2881 4236 per-

575 4266 778 4306 sonam
801 4248 1150 4318 transfertur,
1175 4259 1273 4305 aut
1297 4249 1371 4305 ab
1397 4268 1484 4319 e0,
1509 4249 1606 4321 qui
1635 4249 1771 4306 dare
1797 4249 1983 4305 iussus
2009 4259 2113 4319 est,
2140 4250 2473 4305 transfertur
2497 4259 2558 4304 ut
2584 4248 2727 4304 alius
2754 4248 2881 4303 det:

575 4342 672 4389 aut
710 4349 840 4388 cum
873 4349 968 4387 res
1003 4349 1108 4403 pro
1143 4349 1205 4389 re
1241 4333 1423 4401 datur,
1459 4343 1522 4389 ut
1559 4350 1663 4403 pro
1705 4333 1883 4388 fundo
1928 4332 2129 4388 decem
2164 4332 2359 4388 aurei:
2416 4341 2515 4388 aut
2551 4332 2707 4404 quod
2744 4348 2883 4403 pure

573 4418 772 4473 datum
797 4426 901 4486 est,
927 4416 1260 4472 transfertur
1283 4416 1390 4472 sub
1414 4416 1752 4473 condicione
1768 4419 1782 4445 ’
1808 4417 1942 4486 Dig.
1967 4430 2058 4485 34.
2077 4430 2127 4483 4
2154 4416 2205 4471 6.
2232 4432 2314 4486 pr.

643 4504 766 4557 '1⁸1t.
787 4504 1007 4557 xxn.
1046 4502 1161 4557 For
1183 4501 1282 4557 the
1307 4501 1662 4557 well-known
1688 4509 2015 4557 enactment
2040 4498 2108 4556 of
2131 4501 2231 4556 the
2255 4499 2483 4555 Twelve
2510 4498 2723 4555 Tables
2748 4498 2885 4554 here
