3230 5116
577 368 704 433 240
985 355 1134 411 INS
1139 355 1230 410 TI
1228 355 1283 410 T
1287 355 1399 412 UT
1392 353 1554 410 ION
1554 353 1688 409 ΠΜ
1722 351 1961 408 LIBRI
1996 351 2166 424 QUA
2179 353 2234 406 T
2234 352 2290 407 T
2292 352 2469 409 UOR.
2660 351 2792 420 [Lib.
2812 357 2879 408 11.

577 533 752 602 sunt,
806 532 876 589 et
918 522 1064 590 aliis
1110 523 1405 606 personis
1451 521 1547 588 eis
1591 519 1959 586 coniunctis
2002 519 2459 586 testimonium
2502 539 2635 585 non
2680 521 2878 588 dene-

576 649 830 713 gamus,
856 628 1060 692 immo
1089 628 1157 691 in
1186 627 1478 710 quadam
1510 634 1735 689 nostra
1765 621 2237 690 constitutione
2266 634 2335 689 et
2364 623 2491 690 hoc
2508 625 2878 708 specialiter

577 733 1044 807 concessimus,
1079 740 1150 796 et
1180 730 1392 794 multo
1423 729 1638 812 magis
1668 728 1789 806 his,
1820 727 1936 811 qui
1975 728 2043 790 in
2074 748 2303 792 eorum
2333 736 2671 810 potestate
2700 737 2876 806 sunt,

574 835 684 901 vel
711 836 826 918 qui
857 856 971 900 eos
1001 834 1250 899 habent
1281 835 1348 898 in
1378 842 1729 916 potestate,
1758 830 2136 896 huiusmodi
2166 831 2501 895 licentiam
2532 832 2790 898 damus.

481 951 552 1008 12
665 938 852 1004 Nihil
891 948 1117 1004 autem
1157 939 1447 1014 interest,
1485 946 1965 1003 testamentum
2008 937 2073 999 in
2110 936 2357 1001 tabulis
2396 956 2485 999 an
2524 937 2591 1000 in
2632 936 2877 1002 chartis

484 1057 554 1113 13
581 1044 1064 1109 membranisve
1106 1042 1215 1107 vel
1259 1042 1326 1106 in
1371 1040 1502 1106 alia
1555 1041 1833 1106 materia
1880 1039 2017 1104 fiat.
2110 1038 2247 1104 Sed
2293 1047 2364 1103 et
2416 1060 2624 1104 unum
2671 1049 2879 1105 testa-

578 1159 878 1213 mentum
926 1147 1222 1230 pluribus
1265 1146 1602 1211 codicibus
1650 1144 1969 1211 conficere
2026 1145 2177 1227 quis
2222 1153 2462 1228 potest,
2514 1146 2877 1210 secundum

576 1253 990 1335 optinentem
1014 1260 1242 1315 tamen
1273 1249 1803 1314 observationem
1834 1249 2141 1313 omnibus
2172 1247 2383 1312 factis.
2466 1249 2650 1331 quod
2681 1250 2878 1312 inter-

577 1355 740 1419 dum
773 1363 840 1418 et
871 1355 1311 1419 necessarium
1351 1361 1467 1428 est,
1515 1354 1570 1415 si
1612 1354 1763 1434 quis
1800 1353 2225 1436 navigaturus
2256 1359 2325 1415 et
2356 1370 2583 1416 secum
2612 1350 2780 1416 ferre
2809 1360 2879 1416 et

577 1459 760 1523 domi
807 1457 1174 1541 relinquere
1219 1458 1608 1522 iudiciorum
1656 1477 1925 1520 suorum
1970 1457 2523 1522 contestationem
2557 1456 2735 1530 velit,
2770 1455 2880 1519 vel

578 1570 852 1644 propter
869 1561 1036 1626 alias
1053 1560 1565 1626 innumerabiles
1587 1581 1837 1640 causas,
1853 1581 2028 1644 quae
2048 1559 2357 1624 humanis
2375 1559 2878 1625 necessitatibus

485 1675 553 1732 14
579 1665 947 1729 imminent.
1036 1663 1173 1729 Sed
1205 1663 1371 1728 haec
1399 1664 1673 1747 quidem
1717 1664 1804 1728 de
1840 1663 2278 1742 testamentis,
2305 1682 2480 1745 quae
2517 1663 2585 1726 in
2618 1663 2877 1745 scriptis

576 1769 1030 1835 conficiuntur.
1119 1769 1172 1834 si
1203 1769 1353 1852 quis
1380 1777 1607 1833 autem
1637 1768 1919 1834 voluerit
1950 1770 2091 1834 sine
2122 1768 2381 1850 scriptis
2410 1768 2712 1831 ordinare
2740 1769 2877 1831 iure

577 1873 753 1939 civili
783 1882 1278 1952 testamentum,
1308 1884 1566 1956 septem
1607 1874 1889 1940 testibus
1934 1871 2251 1937 adhibitis
2288 1880 2356 1936 et
2386 1892 2509 1936 sua
2534 1871 2878 1937 voluntate

577 1999 801 2044 coram
856 1979 950 2043 eis
997 1987 1377 2061 nuncupata
1406 1979 1573 2044 sciat
1623 1978 1752 2043 hoc
1796 1977 2347 2062 perfectissimum
2399 1985 2877 2043 testamentum

577 2084 718 2148 iure
747 2081 920 2149 civili
951 2080 1347 2165 firmumque
1376 2083 1831 2149 constitutum.

1660 2302 1786 2368 XI.

1201 2480 1303 2530 DE
1351 2477 1702 2529 MILITARI
1749 2477 2271 2531 TESTAMENTO.

666 2626 886 2711 Supra
931 2628 1112 2695 dicta
1166 2628 1450 2713 diligens
1495 2630 1873 2695 observatio
1920 2632 1987 2695 in
2030 2631 2413 2696 ordinandis
2461 2630 2878 2697 testamentis

577 2732 896 2798 militibus
922 2742 1192 2816 propter
1213 2734 1490 2799 nimiam
1521 2736 1919 2816 imperitiam
1950 2734 2533 2801 constitutionibus
2556 2736 2879 2817 principa-

646 2906 677 2973 §
705 2908 792 2962 13.
834 2906 917 2962 Cf.
947 2906 1268 2976 Suetonius,
1296 2908 1499 2963 Octav.
1529 2922 1623 2963 101
1656 2907 1672 2937 ‘
1688 2917 2092 2964 testamentum
2130 2908 2353 2963 duobus
2387 2906 2679 2963 codicibus
2704 2907 2877 2979 scrip-

575 2991 730 3059 tum,'
751 2990 868 3045 and
893 2989 970 3045 ib.
996 2990 1188 3047 Tiber.
1214 2990 1284 3058 76
1309 2995 1325 3021 ⁸
1344 3000 1751 3048 testamentum
1788 2992 2013 3063 duplex,
2039 2991 2244 3047 eodem
2276 2992 2571 3062 exemp10.’
2644 2993 2759 3047 For
2781 2993 2879 3049 the

574 3071 855 3142 necessity
877 3072 942 3127 of
957 3075 1099 3129 each
1125 3090 1271 3145 copy
1287 3074 1460 3145 being
1484 3074 1744 3143 formally
1764 3075 2039 3129 executed
2062 3092 2161 3129 see
2189 3074 2324 3144 Dig.
2345 3087 2433 3142 37.
2460 3089 2540 3130 11.
2566 3089 2609 3131 1.
2631 3088 2662 3141 7
2689 3074 2705 3103 ‘
2721 3074 2769 3131 si
2792 3117 2806 3131 .
2828 3117 2842 3131 .
2863 3112 2879 3128 .

575 3173 750 3211 unum
792 3156 986 3212 fecerit
1022 3166 1262 3213 testator
1297 3156 1459 3229 quasi
1499 3167 1919 3226 testamentum,
1958 3157 2113 3212 aliud
2151 3156 2313 3228 quasi
2350 3158 2671 3228 exemplum
2710 3158 2820 3228 (Le.
2844 3174 2881 3212 a

574 3256 729 3295 mere
766 3256 928 3310 copy,
954 3240 1187 3295 without
1225 3241 1574 3297 observance
1611 3241 1679 3295 of
1708 3240 1878 3311 form)
1912 3238 1961 3295 si
2004 3250 2158 3296 extat
2194 3239 2352 3312 quod
2386 3242 2707 3311 exemplum
2740 3250 2878 3310 erat,

573 3322 854 3377 bonorum
879 3323 1168 3393 possessio
1193 3324 1308 3394 peti
1335 3341 1451 3379 non
1476 3324 1719 3395 poterit!

645 3405 676 3471 ς
705 3408 794 3459 14.
839 3406 906 3459 In
933 3404 1177 3462 Cicero’s
1209 3406 1348 3460 time
1372 3423 1449 3461 no
1475 3408 1596 3461 oral
1622 3405 1732 3461 will
1767 3405 1886 3461 had
1921 3422 2035 3475 any
2058 3404 2325 3475 validity:
2362 3405 2421 3459 in
2446 3406 2607 3460 Verr.
2631 3419 2681 3459 2.
2718 3421 2762 3461 1.
2784 3406 2874 3473 48,

575 3487 760 3543 where
776 3487 848 3542 he
867 3504 1100 3543 accuses
1117 3490 1324 3544 Verres
1343 3489 1409 3544 of
1419 3489 1735 3561 promising
1750 3489 2029 3544 bonorum
2048 3488 2335 3560 possessio
2350 3490 2537 3545 where
2554 3504 2630 3542 no
2649 3489 2877 3544 tabulae

575 3570 900 3626 testamenti
944 3588 1090 3627 were
1129 3571 1420 3641 produced
1462 3573 1542 3642 by
1582 3574 1681 3628 the
1722 3573 2011 3644 applicant
2036 3593 2051 3639 ς
2100 3572 2170 3627 cf.
2214 3571 2287 3627 de
2329 3582 2469 3627 orat.
2518 3586 2564 3627 1.
2601 3585 2690 3640 43.
2766 3572 2877 3627 But

579 3652 884 3708 Suetonius
912 3652 971 3707 in
1004 3653 1093 3708 his
1133 3653 1228 3708 lise
1265 3654 1330 3708 os
1361 3656 1588 3711 Horace
1615 3672 1748 3725 says
1776 3655 2014 3711 ‘herede
2038 3656 2296 3723 Augusto
2320 3655 2511 3724 palam
2534 3663 2877 3724 nuncupato,

577 3753 724 3804 cum,
762 3746 996 3807 urgente
1037 3736 1093 3791 vi
1133 3737 1487 3807 valetudinis,
1525 3756 1641 3793 non
1680 3739 1960 3793 sufficeret
2003 3737 2079 3792 ad
2121 3735 2508 3807 obsignandas
2548 3737 2875 3793 testamenti

575 3817 800 3874 tabulas
824 3820 868 3885 ς’
891 3819 1008 3873 and
1031 3817 1088 3873 in
1114 3820 1213 3874 the
1238 3819 1377 3875 time
1401 3821 1468 3875 os
1484 3820 1714 3891 Trajan,
1741 3838 1805 3875 as
1832 3837 2073 3891 appears
2105 3820 2251 3874 from
2284 3821 2381 3876 the
2418 3821 2653 3890 rescript
2678 3819 2739 3875 in
2764 3820 2878 3875 Tit.

583 3917 663 3957 ιι.
696 3916 717 3955 1
749 3902 865 3969 infi,
901 3903 1020 3957 oral
1045 3902 1185 3957 wills
1224 3920 1369 3958 were
1405 3904 1677 3974 perfectly
1701 3904 1905 3973 lawful,
1942 3904 2013 3959 cf.
2041 3903 2175 3973 Dig.
2203 3918 2289 3975 29.
2316 3917 2369 3971 7.
2396 3918 2501 3961 20:
2538 3904 2617 3975 by
2640 3904 2878 3960 modern

577 3983 790 4040 writers
815 3986 950 4055 they
975 4002 1071 4041 are
1096 3986 1280 4041 called
1304 3988 1706 4057 nuncupative.

649 4068 888 4125 Resides
913 4071 1009 4124 the
1035 4069 1252 4139 private
1275 4070 1450 4125 forms
1475 4071 1707 4140 already
1724 4068 1975 4138 -noticed,
1996 4087 2031 4124 a
2056 4070 2167 4125 will
2192 4070 2373 4142 might
2396 4070 2472 4126 be
2496 4070 2719 4141 publice
2746 4086 2877 4125 con-

575 4153 789 4208 fectum
823 4151 1006 4207 either
1030 4152 1107 4222 (1)
1133 4152 1211 4222 by
1245 4152 1420 4223 being
1455 4154 1709 4209 oblatum
1746 4164 1807 4209 to
1844 4153 1942 4208 the
1978 4170 2241 4225 emperor
2276 4155 2352 4223 by
2376 4154 2631 4225 petition,
2660 4153 2803 4210 Cod.
2826 4152 2879 4208 6.

578 4250 665 4304 23.
697 4250 776 4305 19,
803 4252 869 4290 or
895 4234 972 4305 (2)
999 4236 1075 4305 by
1111 4254 1148 4291 a
1183 4245 1488 4292 statement
1525 4238 1592 4292 of
1621 4238 1693 4293 its
1730 4246 2007 4306 contents,
2034 4238 2254 4306 usually
2287 4236 2696 4308 accompanied
2732 4238 2810 4305 by
2844 4254 2880 4291 a

577 4337 740 4390 copy,
767 4317 939 4390 being
962 4318 1132 4375 made
1156 4329 1216 4374 to
1241 4337 1276 4375 a
1295 4319 1487 4393 judge,
1514 4323 1641 4376 who
1666 4320 1899 4377 entered
1924 4336 1961 4374 a
1986 4318 2201 4376 minute
2228 4322 2453 4377 thereos
2468 4319 2529 4376 in
2553 4322 2649 4376 the
2674 4320 2880 4375 official

579 4414 724 4472 acta,
753 4402 894 4457 Cod.
919 4404 1024 4457 loc.
1050 4402 1144 4458 cit.
1175 4404 1256 4458 18.
2848 4466 2853 4473 .

649 4490 768 4543 'Pit-
795 4490 911 4543 11.
934 4502 1030 4553 pr.
1069 4486 1192 4543 The
1217 4484 1541 4559 exemption
1563 4487 1630 4543 of
1646 4486 1883 4545 soldiers
1908 4486 2054 4543 from
2074 4487 2171 4542 the
2191 4484 2458 4559 ordinary
2474 4484 2880 4558 requirements
