3230 5116
339 417 445 465 Tit.
464 409 570 482 19.]
613 407 734 464 DE
752 407 1192 463 HEREDUM
1208 406 1479 479 QUALJ
1478 407 1532 462 T
1525 407 1583 463 A
1595 407 1651 462 T
1644 397 1705 463 E
1719 405 1838 462 ET
1850 408 2459 470 DIFFERENTIA.
2508 421 2634 490 273

327 577 680 641 intestatus
699 582 997 640 morinus
1019 573 1124 654 sit,
1140 573 1354 657 prima
1382 593 1580 637 causa
1600 581 1704 638 est
1726 573 1795 638 in
1819 575 2231 640 successione
2260 575 2636 642 liberorum.

327 681 678 745 necessarii
704 700 863 743 vero
899 679 1052 743 ideo
1091 677 1418 756 dicuntur,
1455 678 1611 761 quia
1641 678 2047 757 omnimode,
2092 679 2230 746 sive
2263 679 2469 746 velint
2500 681 2636 746 sive

327 784 556 863 nolint,
601 793 744 850 tam
795 783 884 847 ab
935 783 1253 848 intestato
1305 801 1506 865 quam
1548 802 1639 845 ex
1676 790 2079 848 testamento
2118 783 2397 850 heredes
2446 784 2634 850 fiunt.

327 889 448 956 sed
477 889 580 953 his
609 895 874 971 praetor
899 885 1226 970 permittit
1254 885 1629 951 volentibus
1658 886 1990 950 abstinere
2032 908 2104 952 se
2132 887 2219 951 ab
2248 886 2636 966 hereditate,

327 1001 406 1056 ut
433 992 656 1075 potius
685 991 974 1075 parentis
1016 1010 1220 1074 quam
1261 989 1551 1073 ipsorum
1590 989 1770 1055 bona
1806 990 2107 1056 similiter
2133 1011 2176 1054 a
2205 991 2635 1057 creditoribus

327 1087 812 1179 possideantur.

418 1198 658 1274 Ceteri,
686 1198 802 1281 qui
831 1196 1170 1263 testatoris
1199 1197 1320 1261 iuri
1352 1197 1631 1262 subiecti
1662 1217 1793 1262 non
1824 1207 1997 1274 sunt,
2029 1199 2330 1264 extranei
2359 1200 2635 1266 heredes
2662 1213 2697 1268 3

329 1299 768 1386 appellantur.
834 1301 1059 1384 itaque
1081 1301 1268 1364 liberi
1289 1321 1556 1384 quoque
1579 1300 1803 1380 nostri,
1822 1300 1938 1385 qui
1960 1301 2027 1364 in
2052 1310 2389 1385 potestate
2410 1312 2637 1369 nostra

327 1426 464 1470 non
494 1413 666 1484 sunt,
695 1404 976 1470 heredes
1015 1426 1058 1469 a
1097 1405 1290 1470 nobis
1325 1405 1610 1470 instituti
1652 1404 1953 1470 extranei
1994 1404 2273 1472 heredes
2310 1407 2635 1472 videntur.

326 1529 462 1591 qua
506 1509 594 1573 de
639 1528 839 1574 causa
898 1517 966 1572 et
1024 1509 1138 1592 qui
1195 1508 1472 1574 heredes
1522 1529 1565 1572 a
1615 1517 1829 1572 matre
1887 1509 2337 1587 instituuntur,
2396 1511 2634 1576 eodem

327 1632 606 1676 numero
660 1620 834 1689 sunt,
884 1611 1042 1695 quia
1087 1612 1376 1677 feminae
1421 1613 1489 1676 in
1530 1621 1865 1696 potestate
1907 1612 2149 1680 liberos
2196 1635 2341 1693 non„
2368 1614 2634 1682 habent.

329 1735 554 1781 servus
583 1736 850 1800 quoque
878 1737 919 1780 a
950 1716 1226 1780 domino
1253 1715 1445 1781 heres
1485 1716 1823 1780 institutus
1858 1725 1927 1780 et
1963 1725 2117 1800 post
2156 1727 2635 1783 testamentum

325 1818 576 1885 factum
612 1819 700 1884 ab
743 1839 823 1884 eo
860 1820 1304 1885 manumissus
1333 1820 1571 1883 eodem
1620 1840 1894 1884 numero
1923 1819 2222 1886 habetur.
2300 1821 2381 1886 In
2411 1832 2634 1888 extra·
2660 1835 2697 1888 4

327 1924 470 1988 neis
499 1922 850 1988 heredibus
871 1923 1034 1988 illud
1056 1924 1460 2002 observatur,
1479 1932 1553 1987 ut
1583 1923 1672 1988 sit
1702 1943 1853 1988 cum
1878 1924 1973 1987 eis
2002 1925 2386 1990 testamenti
2411 1924 2632 2003 facti0,

327 2028 467 2090 sive
488 2026 613 2110 ipsi
631 2026 907 2092 heredes
926 2027 1352 2091 instituantur
1367 2027 1504 2090 sive
1533 2025 1602 2088 hi
1626 2026 1739 2109 qui
1764 2027 1831 2090 in
1850 2035 2185 2111 potestate
2209 2048 2437 2092 eorum
2460 2037 2634 2094 sunt.

329 2138 398 2195 et
429 2130 496 2194 id
528 2129 789 2195 duobus
819 2130 1228 2215 temporibus
1259 2131 1617 2214 inspicitur,
1647 2132 2031 2196 testamenti
2062 2131 2332 2214 quidem
2362 2131 2537 2210 facti,
2560 2141 2637 2198 ut

330 2232 700 2299 constiterit
731 2233 1080 2310 institutiO,
1110 2235 1345 2298 mortis
1363 2254 1520 2298 vero
1549 2234 1904 2310 testatoris,
1926 2243 2000 2298 ut
2032 2233 2339 2299 effectum
2369 2233 2633 2301 habeat.

327 2338 456 2403 hoc
515 2338 801 2422 amplius
848 2347 917 2402 et
975 2358 1130 2402 cum
1180 2339 1323 2402 adit
1373 2336 1835 2412 hereditatem,
1880 2357 2026 2404 esse
2083 2339 2287 2403 debet
2341 2360 2494 2404 cum
2555 2361 2635 2404 eo

328 2444 712 2508 testamenti
745 2441 962 2522 factiO,
983 2442 1121 2506 sive
1143 2462 1308 2526 pure
1339 2442 1476 2507 sive
1505 2442 1630 2507 sub
1663 2442 2049 2507 condicione
2074 2441 2266 2508 heres
2296 2443 2638 2510 institutus

331 2547 456 2612 sit:
517 2566 672 2610 nam
718 2545 818 2610 ius
865 2544 1125 2611 heredis
1172 2565 1254 2610 eo
1305 2544 1411 2609 vel
1464 2544 1761 2610 maxime
1805 2554 2107 2630 tempore
2155 2547 2636 2632 inspiciendum

329 2698 662 2755 Trinum.'2.
690 2714 740 2755 2.
767 2701 858 2767 48,
893 2701 1077 2755 where
1106 2716 1145 2755 a
1185 2715 1292 2754 son
1332 2715 1467 2767 says
1509 2708 1570 2753 to
1611 2698 1704 2754 his
1744 2700 1931 2770 father
1972 2699 2077 2756 ‘de
2096 2716 2263 2756 meo:
2311 2718 2447 2769 nam
2480 2701 2636 2772 quod

329 2785 575 2853 tuum’st,
599 2784 896 2854 meum'stss
931 2782 1002 2837 cf.
1029 2783 1152 2838 also
1189 2782 1463 2851 Terence,
1492 2783 1703 2838 Heaut.
1735 2796 1782 2838 1.
1815 2797 1859 2836 1.
1887 2795 1975 2853 79,
2002 2782 2119 2839 Cic.
2147 2782 2206 2838 in
2230 2784 2390 2838 Verr.
2413 2798 2463 2838 2.
2496 2798 2539 2837 1.
2566 2798 2638 2850 44

331 2865 350 2897 ⁴
365 2866 699 2937 quibuscum
758 2865 816 2936 (ἱ.
833 2884 884 2921 e.
947 2882 1016 2921 ex
1071 2864 1292 2935 liberis)
1346 2864 1459 2920 vivi
1515 2865 1671 2921 bona
1722 2864 2031 2936 partimur,’
2090 2865 2271 2936 Pliny,
2308 2882 2512 2937 paneg.
2551 2878 2637 2935 37,

329 2950 636 3021 Ausonius,
671 2950 814 3021 Idyl.
853 2965 902 3020 3.
938 2965 988 3020 3.

402 3035 544 3090 This
573 3034 588 3063 ‘
606 3035 950 3090 beneficium
973 3032 1301 3089 abstinendi
1318 3035 1332 3062 ²
1361 3032 1666 3103 exempted
1694 3049 1730 3088 a
1762 3047 1899 3088 suus
1933 3033 2095 3089 heres
2128 3032 2275 3088 from
2300 3034 2374 3089 all
2398 3031 2639 3102 liability

329 3117 420 3173 for
451 3118 542 3173 his
580 3120 786 3189 pater’s
824 3117 1010 3186 debts,
1037 3117 1118 3173 ‘si
1156 3134 1221 3173 se
1257 3115 1558 3172 hereditati
1596 3132 1715 3171 non
1765 3114 2173 3184 immiscuerit,’
2209 3114 2245 3170 i.
2262 3133 2312 3171 e.
2350 3114 2400 3170 if
2428 3115 2501 3173 he
2538 3114 2640 3170 did

329 3200 571 3271 nothing
595 3202 740 3256 from
764 3201 950 3256 which
985 3210 1334 3272 acceptance
1371 3200 1438 3255 of
1461 3200 1560 3255 the
1599 3197 1890 3254 hereditas
1923 3199 2094 3255 could
2116 3199 2190 3256 be
2227 3198 2504 3265 inferred3
2539 3198 2556 3226 ‘
2574 3208 2636 3253 ut

333 3283 592 3354 quamvis
619 3283 992 3339 creditoribus
1017 3281 1377 3339 hereditariis
1403 3281 1526 3336 iure
1550 3280 1699 3336 civili
1724 3290 2039 3352 teneantur,
2064 3290 2259 3337 tamen
2284 3280 2342 3337 in
2368 3297 2468 3336 eos
2483 3279 2636 3335 actio

331 3382 447 3421 non
473 3366 652 3436 detur,
679 3366 726 3421 si
752 3366 930 3423 velint
962 3364 1354 3437 derelinquere
1389 3364 1765 3420 hereditatem
1782 3366 1796 3393 ²
1822 3363 1951 3435 Dig.
1982 3378 2066 3434 ²9·
2096 3378 2145 3419 2.
2177 3377 2258 3434 57.
2284 3380 2368 3435 pr.
2396 3383 2413 3431 ς
2459 3362 2575 3419 and
2599 3380 2636 3418 a

330 3466 466 3505 suus
491 3451 656 3505 heres
680 3450 807 3504 who
833 3467 946 3506 was
983 3466 1020 3505 a
1057 3449 1244 3505 minor
1267 3466 1382 3505 was
1419 3457 1519 3504 not
1556 3447 1886 3519 prejudiced
1918 3465 2061 3504 even
2094 3448 2172 3518 by
2202 3449 2342 3503 such
2381 3446 2631 3502 ‘immix-

329 3531 486 3603 tion,’
512 3532 540 3605 5
573 3546 599 3603 5
625 3533 744 3603 inf„
772 3533 906 3604 Dig.
933 3549 1017 3603 29.
1047 3548 1094 3589 2.
1127 3546 1209 3603 57.
1236 3550 1320 3604 pr.
1348 3532 1464 3587 and
1495 3546 1540 3586 1.
1614 3531 1741 3586 The
1777 3531 1953 3588 result
1982 3531 2049 3587 os
2073 3530 2188 3587 this
2223 3530 2493 3603 privilege
2520 3547 2634 3587 was

329 3616 660 3688 practically
690 3627 750 3672 to
783 3616 1098 3672 assimilate
1131 3617 1231 3672 the
1268 3632 1404 3671 suus
1436 3624 1492 3671 et
1525 3614 1881 3670 necessarius
1908 3616 2076 3671 heres
2106 3623 2169 3670 to
2199 3632 2272 3669 an
2298 3624 2595 3669 extraneus
2618 3630 2633 3682 ς

331 3688 756 3771 consequentiy,
781 3700 856 3757 he
881 3698 1067 3768 could,
1085 3698 1198 3754 like
1222 3699 1320 3754 the
1345 3699 1528 3766 latter,
1553 3698 1627 3752 be
1653 3697 1972 3768 compelled
1994 3697 2071 3768 by
2095 3698 2190 3753 the
2215 3696 2545 3767 magistrate
2570 3704 2633 3751 to

331 3780 534 3837 decide
559 3782 753 3838 within
779 3800 816 3838 a
849 3780 1176 3853 prescribed
1208 3780 1346 3837 time
1376 3781 1630 3836 whether
1659 3780 1733 3836 he
1767 3790 1959 3835 meant
1990 3790 2051 3837 to
2076 3779 2223 3835 avail
2249 3780 2482 3835 himself
2499 3779 2563 3833 of
2589 3778 2632 3835 it

331 3880 398 3918 or
419 3874 536 3934 not,
565 3863 699 3935 Dig.
729 3866 814 3919 28.
846 3867 896 3920 8.
924 3877 974 3933 7.
1001 3882 1104 3936 pn,
1134 3863 1274 3919 Cod.
1292 3864 1344 3918 6.
1367 3877 1453 3932 30.
1482 3878 1562 3933 19.
1604 3863 1665 3916 If
1680 3864 1754 3918 he
1780 3862 1897 3931 did,
1922 3864 1994 3918 he
2018 3880 2133 3919 was
2158 3862 2378 3917 treated
2402 3878 2467 3917 as
2492 3861 2543 3915 if
2557 3862 2630 3919 he

329 3963 447 4002 was
471 3957 571 4003 not
606 3948 783 4018 really
808 3946 932 4003 heir
963 3957 1022 4002 at
1059 3948 1167 4016 all;
1205 3947 1278 4001 he
1310 3947 1426 4001 had
1459 3946 1678 4015 merely
1703 3946 1720 3974 ‘
1738 3946 1955 4000 nudum
1978 3962 2189 4001 nomen
2214 3944 2440 4000 heredis
2456 3946 2470 3973 ²
2497 3944 2630 4015 Dig.

333 4029 419 4096 38.
445 4041 526 4097 17.
549 4044 598 4083 2.
617 4030 668 4099 8,
707 4030 724 4060 ‘
741 4031 893 4084 hunc
922 4027 1018 4101 qui
1048 4028 1319 4083 abstinuit
1355 4038 1582 4099 praetor
1609 4044 1726 4082 non
1757 4028 1932 4083 habet
1958 4028 2179 4083 heredis
2204 4029 2361 4082 loco'
2387 4026 2521 4097 Dig.
2549 4042 2629 4082 11.

335 4126 382 4165 1.
416 4126 495 4166 12.
520 4128 604 4183 pr.
681 4113 1119 4183 Consequently,
1154 4112 1253 4166 the
1289 4110 1639 4166 inheritance
1671 4110 1909 4165 became
1946 4110 2151 4179 delata,
2178 4108 2236 4164 in
2269 4111 2367 4165 the
2402 4110 2521 4165 first
2543 4109 2629 4164 in-

331 4203 545 4264 stance,
587 4206 650 4251 to
691 4196 788 4250 the
831 4193 1140 4263 substituti,
1166 4194 1301 4264 Dig.
1329 4208 1416 4260 42.
1449 4208 1494 4248 1.
1521 4208 1609 4260 44,
1647 4192 1762 4247 and
1800 4192 1857 4247 in
1893 4193 2107 4248 default
2144 4193 2211 4247 of
2237 4193 2398 4249 these
2435 4203 2495 4248 to
2531 4193 2629 4248 the

331 4276 570 4333 heredes
597 4278 673 4332 ab
697 4277 967 4333 intestato
992 4276 1052 4332 in
1076 4276 1225 4333 their
1248 4276 1466 4332 several
1492 4274 1732 4344 degrees
1756 4276 1821 4330 of
1838 4274 2157 4344 proximity,
2177 4274 2311 4345 Dig.
2329 4290 2415 4345 29.
2437 4290 2481 4330 1.
2503 4289 2555 4343 4.
2578 4288 2627 4343 7,

331 4357 449 4413 and
473 4358 530 4413 in
555 4360 654 4414 the
680 4360 789 4414 last
813 4364 994 4414 resort
1020 4368 1080 4414 to
1105 4357 1202 4413 the
1230 4358 1416 4414 fiscus,
1479 4358 1604 4413 The
1629 4356 1968 4412 beneficium
1994 4356 2315 4413 abstinendi
2341 4356 2549 4427 passed
2568 4367 2629 4411 to

329 4441 429 4495 the
453 4440 604 4495 heirs
629 4442 696 4495 of
711 4443 808 4497 the
836 4440 1133 4497 instituted
1157 4458 1311 4510 suus,
1339 4440 1471 4510 Dig.
1499 4454 1585 4510 29.
1613 4454 1663 4494 2.
1690 4451 1739 4506 7.
1775 4455 1817 4509 1,
1847 4439 1988 4495 Cod.
2014 4439 2069 4494 6.
2096 4454 2181 4508 30.
2215 4454 2291 4508 19.

407 4521 436 4594 ξ
461 4526 523 4578 4.
563 4525 676 4579 For
700 4523 1056 4582 ‘testamenti
1089 4522 1264 4579 factio
1291 4522 1548 4595 passiva’
1572 4539 1671 4580 see
1694 4538 1771 4578 on
1796 4522 1908 4581 Tit.
1940 4537 2019 4593 14.
2045 4539 2147 4593 pr„
2171 4521 2283 4578 Tit.
2318 4534 2397 4587 17.
2416 4520 2452 4577 6
2476 4536 2626 4591 supr.

1456 4621 1506 4671 T
