3230 5116
10 0 592 241 s

569 376 700 447 510
975 370 1676 431 INSTITUYIONUM
1710 372 1951 428 LIBRI
1988 372 2463 445 QUATTUOR.
2646 374 2891 441 [Lib.1v.

517 552 542 606 1
573 558 776 622 quam
807 541 921 622 qui
951 540 1122 605 clam
1159 550 1444 606 amovet.
1513 539 1692 623 Quia
1732 550 1957 605 tamen
1995 542 2088 604 ita
2127 542 2450 624 competit
2490 542 2652 605 haec
2682 543 2886 615 acti0,

573 644 629 707 si
677 644 834 707 dolo
890 644 1065 708 malo
1125 646 1404 727 quisque
1463 645 1793 726 rapuerit:
1855 646 1967 727 qui
2022 645 2243 727 aliquo
2304 666 2521 710 errore
2572 646 2889 709 inductus

575 768 762 811 suam
813 768 952 812 rem
1009 768 1153 812 esse
1207 758 1274 813 et
1335 748 1719 831 imprudens
1772 748 1927 812 iuris
1987 771 2067 813 eo
2118 750 2345 813 animo
2398 749 2633 832 rapuit,
2690 749 2889 831 quasi

575 852 846 915 domino
877 853 1070 916 liceat
1113 872 1252 915 rem
1294 872 1484 915 suam
1524 853 1728 916 etiam
1769 872 1887 934 per
1914 853 2051 916 vim
2091 854 2345 917 auferre
2372 853 2887 935 possessoribus,

573 955 829 1018 absolvi
883 956 1104 1020 debet.
1197 956 1300 1019 cui
1351 956 1597 1021 scilicet
1660 958 2054 1021 conveniens
2114 968 2216 1021 est
2274 979 2396 1022 nec
2449 958 2607 1021 furti
2668 956 2889 1021 teneri

577 1080 750 1135 eum,
797 1060 909 1141 qui
957 1061 1192 1123 eodem
1239 1060 1366 1124 hoc
1409 1062 1635 1124 animo
1682 1063 1921 1143 rapuit.
2016 1063 2133 1126 sed
2182 1082 2285 1137 ne,
2336 1063 2497 1125 dum
2546 1061 2707 1125 talia
2762 1082 2887 1125 ex·

575 1164 966 1246 cogitentur,
1011 1164 1380 1227 inveniatur
1427 1165 1551 1242 via,
1599 1186 1721 1247 per
1768 1186 1971 1248 quam
2024 1175 2321 1249 raptores
2373 1166 2641 1247 impune
2688 1184 2889 1227 suam

579 1278 936 1333 exerceant
995 1270 1376 1333 avaritiam:
1441 1268 1677 1333 melius
1736 1269 2064 1333 divalibus
2123 1270 2699 1335 constitutionibus
2762 1289 2888 1351 pro

579 1372 701 1435 hac
757 1382 945 1454 parte
1005 1382 1431 1455 prospectum
1485 1385 1602 1446 est,
1659 1382 1731 1437 ut
1783 1376 2030 1438 nemini
2084 1375 2280 1439 liceat
2326 1375 2391 1438 vi
2450 1395 2680 1456 rapere
2742 1392 2889 1436 rem

580 1476 894 1541 mobilem
924 1477 1029 1540 vel
1061 1498 1132 1540 se
1171 1488 1570 1555 moventem,
1598 1477 1755 1542 licet
1796 1500 1985 1542 suam
2017 1478 2299 1544 eandem
2333 1499 2473 1543 rem
2504 1479 2887 1542 existimet:

578 1582 696 1645 sed
749 1582 803 1643 si
855 1584 1000 1663 quis
1051 1591 1278 1645 contra
1323 1592 1574 1645 statuta
1624 1582 1867 1660 fecerit,
1918 1584 2009 1647 rei
2060 1584 2331 1666 quidem
2378 1604 2535 1647 suae
2586 1584 2887 1645 dominio

579 1684 833 1762 cadere,
877 1685 978 1748 sin
1023 1696 1248 1749 autem
1295 1686 1510 1749 aliena
1546 1688 1651 1765 sit,
1696 1699 1849 1770 post
1898 1689 2385 1752 restitutionem
2435 1690 2636 1751 etiam
2685 1687 2891 1750 aesti-

581 1788 939 1852 mationem
963 1791 1256 1853 eiusdem
1285 1789 1373 1852 rei
1407 1800 1759 1872 praestare.
1826 1793 2008 1874 quod
2037 1812 2168 1855 non
2192 1792 2406 1855 solum
2438 1792 2505 1855 in
2518 1790 2889 1854 mobilibus

581 1892 794 1971 rebuS,
839 1913 1009 1975 quae
1057 1895 1198 1975 rapi
1244 1902 1539 1974 possunt,
1577 1895 2083 1959 constitutiones
2128 1897 2427 1977 optinere
2472 1906 2887 1971 censuerunt,

579 1994 698 2059 sed
731 1996 932 2059 etiam
975 1996 1041 2058 in
1071 1996 1534 2073 invasionibus,
1565 2017 1738 2078 quae
1778 2000 1949 2061 circa
1991 2018 2093 2061 res
2134 1998 2256 2062 soli
2292 1997 2476 2075 fiunt,
2506 2008 2581 2062 ut
2622 2018 2711 2061 ex
2756 1996 2889 2060 hac

521 2111 558 2167 2
583 2120 779 2164 causa
825 2102 1004 2164 omni
1041 2100 1268 2181 rapina
1313 2099 1617 2163 homines
1658 2101 2057 2165 abstineant.
2148 2102 2227 2165 In
2276 2102 2402 2166 hac
2446 2103 2705 2166 actione
2750 2120 2889 2164 non

584 2206 811 2286 utique
859 2213 1286 2287 exspectatur
1343 2224 1481 2267 rem
1539 2206 1606 2268 in
1657 2205 1847 2269 bonis
1894 2207 2137 2271 actoris
2191 2226 2373 2271 esse:
2421 2227 2576 2269 nam
2629 2206 2765 2269 sive
2818 2206 2887 2267 in

581 2308 773 2371 bonis
833 2308 919 2370 sit
965 2309 1103 2371 sive
1161 2329 1292 2370 non
1352 2308 1454 2384 sit,
1503 2309 1558 2371 si
1607 2319 1833 2375 tamen
1890 2333 1981 2374 ex
2038 2312 2232 2375 bonis
2287 2312 2391 2385 sit,
2446 2310 2665 2374 locum
2720 2308 2889 2373 haec

583 2414 756 2475 actio
791 2411 1084 2475 habebit.
1174 2431 1378 2493 quare
1419 2413 1556 2477 sive
1592 2416 2019 2487 commodata
2062 2416 2199 2479 sive
2238 2415 2456 2479 locata
2501 2414 2639 2479 sive
2682 2414 2887 2477 etiam

582 2667 748 2737 penal
775 2683 890 2721 was
915 2665 1086 2732 utilis,
1113 2668 1245 2738 Dig.
1270 2683 1352 2737 47.
1383 2671 1434 2725 8.
1461 2685 1512 2726 2.
1543 2685 1606 2739 13
1632 2691 1647 2737 ;
1684 2671 1770 2724 for
1806 2671 1902 2725 the
1927 2671 2289 2740 explanation
2316 2670 2382 2724 of
2398 2672 2494 2725 t'he
2518 2681 2664 2726 term
2690 2686 2785 2724 see
2813 2686 2887 2724 on

583 2751 686 2806 Bk.
715 2750 787 2805 iii.
817 2767 868 2821 9.
895 2766 928 2820 9
954 2769 1102 2822 supr.
1173 2755 1269 2807 All
1305 2754 1625 2823 praetorian
1664 2755 1833 2825 penal
1869 2753 2089 2808 actions
2129 2755 2243 2808 had
2272 2756 2370 2809 the
2396 2771 2555 2810 same
2582 2755 2738 2808 short
2762 2769 2889 2822 pre-

581 2834 852 2905 scription
892 2846 1091 2905 except
1131 2837 1254 2891 that
1291 2837 1423 2892 furti
1469 2837 1772 2905 manifesti,
1816 2837 2001 2891 which
2040 2855 2155 2892 was
2194 2848 2471 2908 perpetua
2505 2839 2752 2891 because
2788 2836 2888 2890 the

583 2920 812 2988 penalty
862 2920 1098 2989 thereby
1146 2921 1506 2976 recoverable
1555 2938 1671 2975 was
1722 2920 2063 2975 substituted
2111 2922 2199 2975 for
2248 2921 2454 2990 capital
2504 2920 2889 2990 punishment,

583 3002 761 3057 Gaius
788 3003 856 3057 iv.
891 3018 1008 3069 110,
1042 3019 1062 3057 1
1077 3019 1097 3057 1
1113 3018 1157 3073 1,
1182 3004 1295 3058 Tit.
1328 3019 1407 3060 12.
1433 3020 1516 3074 pr.
1543 3003 1641 3059 inf.
1714 3003 1841 3058 The
1866 3003 1989 3057 heir
2012 3003 2078 3057 of
2103 3004 2199 3058 the
2224 3005 2431 3059 robber
2454 3020 2569 3058 was
2594 3014 2695 3057 not
2718 3002 2889 3057 liable

583 3095 642 3141 to
667 3087 816 3141 actio
835 3086 1117 3141 bonorum
1144 3087 1196 3141 vi
1223 3098 1512 3158 raptorum
1539 3086 1595 3140 in
1630 3103 1744 3154 any
1768 3103 1917 3154 case,
1946 3086 2161 3156 though
2190 3087 2263 3140 he
2290 3105 2403 3141 was
2430 3087 2627 3141 suable
2652 3087 2728 3154 by
2752 3102 2888 3140 con·

584 3169 756 3224 dictio
795 3181 852 3225 to
889 3171 987 3225 the
1025 3179 1214 3226 extent
1253 3181 1311 3225 to
1337 3171 1522 3224 which
1557 3170 1656 3225 the
1694 3168 2043 3224 inheritance
2076 3170 2194 3225 had
2218 3171 2369 3224 been
2394 3170 2667 3225 enriched
2690 3170 2767 3238 by
2790 3169 2891 3224 the

583 3254 854 3324 proceeds
877 3254 943 3308 of
961 3256 1056 3309 the
1081 3271 1274 3322 wrong
1297 3272 1309 3307 :
1343 3254 1358 3282 ‘
1373 3252 1645 3312 adversus
1670 3253 1911 3307 heredes
1930 3261 2121 3307 autem
2140 3254 2229 3308 vel
2254 3263 2510 3309 caeteros
2530 3269 2889 3307 successores

583 3352 698 3390 non
725 3337 963 3403 dabitur,
992 3337 1124 3408 quia
1149 3336 1403 3406 poenalis
1430 3336 1578 3390 actio
1605 3336 1663 3390 in
1689 3353 1789 3416 eos
1814 3352 1927 3389 non
1957 3335 2135 3390 datur.
2210 3338 2303 3404 An
2330 3349 2521 3391 tamen
2548 3335 2607 3390 in
2634 3336 2709 3404 id,
2736 3334 2890 3406 quod

584 3421 980 3491 locupletiores
1004 3420 1138 3475 facti
1165 3430 1311 3486 sunt,
1330 3420 1449 3474 dari
1471 3420 1695 3487 debeat,
1716 3419 2025 3474 videamus,
2066 3430 2121 3475 et
2141 3435 2249 3489 ego
2269 3429 2407 3488 puto
2421 3419 2551 3473 ideo
2570 3431 2889 3488 praetorem

585 3519 699 3556 non
739 3520 865 3558 esse
898 3503 1210 3572 pollicitum
1245 3503 1303 3557 in
1337 3504 1576 3558 heredes
1609 3502 1667 3556 in
1702 3501 1762 3557 id
1794 3502 1947 3573 quod
1982 3503 2057 3556 ad
2092 3519 2191 3558 eos
2218 3502 2489 3572 pervenit,
2516 3501 2649 3573 quia
2674 3501 2891 3572 putavit

588 3586 842 3642 sufficere
869 3586 1286 3641 condictionem
1307 3588 1321 3615 '
1348 3586 1560 3656 Ulpian
1586 3586 1645 3640 in
1674 3585 1809 3656 Dig.
1834 3599 1923 3652 47.
1949 3587 1998 3639 8.
2028 3601 2077 3639 2.
2104 3600 2193 3652 27.

659 3667 688 3740 ξ
715 3675 766 3726 1.
805 3671 928 3725 The
954 3669 1350 3724 constitutions
1375 3670 1622 3725 referred
1648 3679 1707 3723 to
1732 3685 1830 3724 are
1848 3670 2013 3723 those
2034 3669 2099 3722 os
2115 3667 2496 3735 Valentinum,
2513 3667 2890 3736 Theodosius,

589 3753 704 3808 and
728 3750 1007 3807 Arcadius
1045 3753 1102 3806 in
1133 3752 1270 3806 Cod.
1297 3752 1350 3806 8.
1375 3767 1428 3818 4.
1453 3765 1484 3818 7
1513 3752 1592 3806 ‘si
1633 3751 1757 3822 quis
1796 3752 1854 3806 in
1891 3762 2111 3807 tantam
2144 3751 2348 3806 furoris
2372 3751 2691 3822 pervenerit
2717 3749 2890 3805 auda-

589 3835 754 3904 ciam,
791 3847 852 3890 ut
890 3835 1310 3905 possessionem
1343 3851 1531 3888 rerum
1567 3834 1723 3903 apud
1760 3835 1959 3889 fiscum
1996 3837 2085 3889 vel
2122 3834 2276 3904 apud
2312 3834 2573 3889 homines
2610 3833 2891 3905 quoslibet

590 3918 1022 3974 constitutarum
1080 3927 1213 3973 ante
1279 3918 1588 3971 adventum
1652 3915 1930 3972 iudicialis
1990 3918 2207 3974 arbitrii
2274 3918 2551 3972 violenter
2609 3916 2892 3984 invaserit,

588 4001 856 4055 dominus
881 4001 1112 4071 quidem
1137 3999 1476 4055 constitutus
1501 3999 1924 4070 possessionem
1949 4017 2122 4071 quam
2140 4001 2373 4056 abstulit
2393 4000 2651 4055 restituat
2670 4015 2894 4068 posses-

589 4084 701 4140 sori
727 4094 784 4139 et
812 4084 1124 4138 dominium
1149 4082 1406 4138 eiusdem
1437 4082 1518 4137 rei
1553 4082 1795 4138 amittat.
1870 4083 1929 4138 Si
1958 4100 2091 4138 vero
2122 4084 2433 4138 alienarum
2458 4099 2645 4138 rerum
2670 4098 2893 4152 posses-

589 4167 808 4224 sionem
860 4166 1082 4234 invasit,
1131 4183 1247 4221 non
1305 4167 1490 4221 solum
1543 4183 1673 4222 eam
1732 4166 2159 4236 possidentibus
2207 4166 2427 4234 reddat,
2475 4181 2671 4222 verum
2720 4164 2895 4220 etiam

589 4249 1044 4306 aestimationem
1069 4249 1378 4304 earundem
1403 4265 1588 4304 rerum
1615 4249 1911 4304 restituere
1937 4249 2342 4318 compellatur!
2400 4251 2515 4303 For
2538 4249 2635 4304 the
2655 4245 2895 4304 relation

589 4334 656 4389 of
681 4333 796 4388 this
832 4343 1157 4388 enactment
1190 4344 1250 4387 to
1281 4334 1378 4388 the
1417 4332 1681 4390 interdict
1713 4333 1863 4388 unde
1889 4331 1943 4386 vi
1970 4349 2067 4388 see
2092 4349 2169 4388 on
2195 4331 2309 4388 Tit.
2340 4345 2421 4404 ις.
2448 4333 2484 4388 6
2514 4331 2611 4388 inf.
2638 4331 2756 4386 and
2782 4331 2891 4386 Mr.

593 4417 808 4474 Poste's
836 4426 970 4472 note
995 4433 1068 4470 on
1097 4416 1274 4471 Gaius
1301 4416 1374 4471 iii.
1403 4432 1524 4486 ²09·

665 4499 693 4573 ξ
721 4503 779 4557 2.
817 4501 944 4558 The
979 4500 1306 4572 expression
1344 4517 1412 4557 ex
1444 4498 1611 4556 bonis
1637 4497 1687 4555 is
1712 4499 1847 4557 here
1872 4497 2129 4570 opposed
2154 4507 2214 4554 to
2240 4497 2573 4568 dominium,
2600 4506 2660 4554 to
2686 4496 2895 4554 denote
