3230 5116
363 436 463 489 Tit.
487 431 596 502 ²33
679 433 802 487 DE
829 432 1693 489 FIDEJCOMMJSSARJJS
1718 432 2113 489 HEREDJT
2107 438 2162 491 A
2176 437 2231 491 T
2224 436 2427 492 IBUS
2427 475 2442 492 .
2534 443 2659 515 307

449 598 798 662 Praeterea
841 596 1188 661 intestatus
1236 616 1500 680 quoque
1545 596 1897 663 moriturus
1941 608 2166 681 potest
2212 621 2442 685 rogare
2488 624 2656 683 eum,
2690 616 2757 673 10

358 703 446 766 ad
495 723 694 785 quem
742 702 916 765 bona
959 722 1078 765 sua
1121 701 1228 765 vel
1280 701 1578 784 legitimo
1624 701 1760 766 iure
1790 702 1895 766 vel
1938 701 2289 769 honorario
2332 708 2659 789 pertinere

357 806 701 889 intellegit,
736 815 808 869 ut
839 805 1279 871 hereditatem
1324 826 1512 870 suam
1557 815 1771 870 totam
1812 816 2155 889 partemve
2202 810 2341 873 eius
2370 822 2486 875 aut
2518 834 2656 878 rem

355 910 668 993 aliquam,
706 910 910 975 veluti
953 906 1227 975 fundum
1281 908 1618 975 hominem
1663 914 2031 994 pecuniam,
2078 912 2269 978 alicui
2316 916 2657 981 restituat:

355 1031 506 1077 cum
555 1015 849 1097 alioquin
899 1014 1120 1099 legata
1158 1016 1279 1079 nisi
1321 1036 1412 1079 ex
1458 1024 1861 1081 testamento
1916 1036 2049 1080 non
2099 1017 2387 1085 valeant.
2478 1021 2653 1085 Eum
2686 1032 2745 1085 11

357 1136 636 1201 quoque,
669 1120 776 1183 cui
815 1120 1062 1202 aliquid
1105 1121 1486 1195 restituitur,
1517 1130 1741 1203 potest
1788 1140 2037 1204 rogare,
2074 1130 2149 1186 ut
2184 1122 2249 1186 id
2297 1144 2517 1188 rursus
2544 1126 2655 1189 alii

356 1230 574 1285 totum
633 1233 749 1287 aut
799 1242 922 1306 pro
973 1234 1162 1307 parte
1208 1224 1316 1288 vel
1363 1225 1566 1288 etiam
1613 1223 1795 1288 aliud
1848 1224 2095 1307 aliquid
2148 1226 2471 1293 restituat.
2562 1228 2658 1295 Et
2685 1236 2751 1291 12

355 1327 509 1409 quia
553 1328 767 1409 prima
807 1327 1462 1393 fideicommissorum
1503 1327 1831 1392 cunabula
1873 1349 1917 1391 a
1959 1327 2097 1393 fide
2132 1329 2451 1394 heredum
2492 1350 2657 1413 pen·-

354 1432 516 1493 dent
563 1442 634 1495 et
683 1441 824 1494 tam
873 1450 1117 1496 nomen
1177 1452 1378 1515 quam
1438 1433 1881 1495 substantiam
1938 1442 2335 1515 acceperunt
2384 1444 2453 1498 et
2502 1436 2655 1499 ideo

354 1534 546 1597 divus
586 1534 936 1617 Augustus
977 1537 1064 1599 ad
1110 1536 1574 1601 necessitatem
1628 1536 1785 1599 iuris
1833 1556 1912 1599 ea
1958 1535 2286 1600 detraxit:
2330 1555 2539 1619 nuper
2584 1547 2655 1601 et

354 1654 474 1701 nos
519 1640 804 1702 eundem
842 1640 1206 1723 principem
1251 1660 1560 1724 superare
1603 1640 2083 1704 contendentes
2116 1661 2203 1703 ex
2244 1640 2441 1720 facto,
2470 1644 2653 1725 quod

353 1740 792 1808 Tribonianus
849 1745 952 1808 vir
1015 1743 1316 1809 excelsus
1388 1754 1703 1827 quaestor
1774 1744 1940 1807 sacri
2015 1744 2242 1827 palatii
2300 1746 2651 1829 suggessit,

352 1848 890 1912 constitutionem
943 1848 1236 1927 fecimus,
1287 1868 1406 1931 per
1457 1869 1659 1932 quam
1720 1848 2201 1930 disposuimus:
2266 1850 2321 1913 si
2369 1860 2652 1915 testator

353 1950 504 2015 fidei
557 1950 819 2017 heredis
869 1956 968 2017 sui
1021 1954 1372 2026 commisit,
1421 1961 1496 2017 ut
1545 1952 1655 2015 vel
1713 1952 2151 2016 hereditatem
2198 1952 2305 2017 vel
2358 1956 2645 2036 speciale

350 2054 932 2121 fideicommissum
993 2060 1314 2133 restituat,
1369 2068 1438 2121 et
1497 2076 1713 2137 neque
1768 2077 1860 2119 ex
1918 2056 2238 2139 scriptura
2297 2077 2513 2141 neque
2562 2080 2651 2123 ex

351 2159 640 2241 quinque
705 2162 974 2226 testium
1049 2180 1340 2237 numero,
1401 2160 1514 2243 qui
1588 2161 1657 2223 in
1726 2158 2247 2223 fideicommissis
2314 2158 2654 2244 legitimus

350 2278 495 2325 esse
539 2265 842 2340 noscitur,
885 2284 990 2328 res
1031 2266 1242 2347 possit
1285 2262 1709 2339 manifestari,
1756 2264 1873 2327 sed
1914 2262 2018 2325 vel
2063 2263 2405 2344 pauciores
2445 2284 2649 2347 quam

347 2364 638 2448 quinque
670 2366 778 2431 vel
823 2386 1020 2431 nemo
1067 2370 1326 2451 penitus
1373 2368 1564 2432 testis
1602 2366 2043 2444 intervenerit,
2083 2377 2242 2431 tunc
2285 2367 2424 2431 sive
2459 2379 2651 2450 pater

349 2467 611 2533 heredis
654 2471 793 2534 sive
835 2471 1001 2535 alius
1046 2472 1444 2553 quicumque
1487 2474 1592 2543 sit,
1625 2470 1739 2552 qui
1786 2467 1987 2532 fidem
2030 2469 2227 2553 elegit
2274 2468 2536 2536 heredis
2582 2483 2651 2537 et

349 2572 434 2636 ab
481 2593 562 2636 eo
607 2573 855 2656 aliquid
900 2576 1153 2639 restitui
1182 2575 1478 2648 voluerit,
1513 2576 1567 2637 si
1611 2574 1802 2637 heres
1846 2572 2122 2656 perfidia
2167 2584 2394 2638 tentus
2440 2578 2652 2639 adim-

348 2673 532 2758 plere
589 2677 792 2742 fidem
853 2689 1110 2744 recusat
1171 2679 1478 2762 negando
1539 2699 1679 2743 rem
1741 2677 1835 2741 ita
1894 2697 2039 2741 esse
2098 2677 2537 2758 subsecutam,
2596 2681 2651 2742 si

348 2775 991 2846 fideicommissarius
1042 2783 1497 2847 iusiurandum
1558 2781 1619 2846 ei
1679 2781 2009 2856 detulerit,
2066 2801 2219 2844 cum
2270 2782 2450 2864 prius
2508 2785 2649 2864 ipse

350 2883 436 2946 de
482 2884 812 2950 calumnia
863 2887 1188 2958 iuraverit,
1231 2905 1500 2950 necesse
1551 2905 1705 2949 enm
1756 2884 2002 2948 habere
2049 2884 2155 2948 vel
2200 2886 2650 2950 iusiurandum

347 2987 585 3066 subire,
623 2988 1009 3070 quod.nihil
1054 2990 1188 3055 tale
1232 3011 1273 3054 a
1317 2998 1639 3054 testatore
1668 2988 1935 3064 audivit,
1968 2989 2072 3052 vel
2111 3000 2523 3053 recusantem
2560 2991 2650 3054 ad

347 3089 837 3156 fideicommissi
859 3095 964 3158 vel
987 3093 1432 3159 universitatis
1457 3093 1562 3157 vel
1595 3091 1895 3174 specialis
1927 3091 2322 3188 solutionem
2354 3093 2650 3171 coartari,

348 3214 432 3258 ne
477 3196 790 3278 depereat
821 3199 1054 3264 ultima
1083 3198 1390 3264 voluntas
1423 3197 1763 3261 testatoris
1803 3196 1957 3260 fidei
1987 3194 2248 3260 heredis
2280 3197 2649 3284 commissa.

348 3299 584 3362 eadem
637 3301 968 3366 observari
1015 3303 1389 3366 censuimus
1451 3311 1519 3365 et
1577 3301 1633 3364 si
1680 3322 1723 3364 a
1780 3299 2103 3382 legatario
2149 3299 2253 3362 vel
2313 3299 2649 3363 fideicom-

347 3401 644 3466 missario
702 3404 951 3487 aliquid
1012 3405 1312 3469 similiter
1370 3404 1669 3468 relictum
1727 3405 1833 3468 sit.
1936 3403 2117 3484 quod
2177 3403 2232 3465 si
2291 3401 2363 3480 is,
2413 3421 2455 3466 a
2516 3417 2651 3484 quo

345 3505 644 3571 relictum
677 3507 931 3584 dicitur,
964 3507 1356 3574 confiteatur
1386 3508 1653 3590 quidem
1684 3507 1936 3588 aliquid
1968 3529 2009 3570 a
2044 3527 2115 3570 se
2150 3504 2451 3570 relictum
2483 3524 2646 3580 esse,

343 3609 462 3672 sed
514 3611 603 3673 ad
655 3610 820 3693 legis
870 3612 1310 3694 suptilitatem
1356 3613 1678 3687 decurrat,
1726 3610 2111 3674 omnimodo
2164 3604 2497 3691 cogendus
2545 3619 2647 3672 est

342 3711 618 3777 solvere.

344 3879 432 3948 69.
456 3879 582 3951 paz),
607 3883 704 3938 the
729 3881 970 3938 instituti
1007 3883 1064 3938 in
1100 3901 1173 3938 an
1209 3883 1410 3938 earlier
1434 3881 1543 3936 will
1571 3881 1706 3951 (Tit.
1739 3895 1820 3949 17.
1848 3895 1879 3949 3
1904 3898 2073 3951 supr„
2113 3880 2247 3951 Dig,
2274 3882 2361 3950 36.
2390 3893 2437 3938 1.
2462 3881 2554 3951 30)
2581 3898 2645 3936 or

343 3963 442 4017 the
467 3966 776 4021 coheredes
801 3967 868 4020 of
885 3969 982 4021 the
1009 3966 1318 4034 institutus,
1345 3965 1478 4034 Dig.
1505 3967 1590 4020 28.
1622 3977 1665 4034 5.
1695 3975 1761 4034 35
1791 3985 1806 4031 ;
1842 3964 1917 4018 ib.
1944 3965 2029 4031 78.
2049 3979 2133 4034 pr.

417 4045 448 4117 ξ
475 4049 556 4100 11.
599 4049 652 4103 It
676 4067 792 4104 was
817 4066 928 4105 one
952 4051 1018 4103 of
1036 4051 1132 4105 the
1157 4049 1493 4104 differentes
1513 4049 1768 4103 between
1793 4046 2041 4117 legacies
2064 4047 2180 4102 and
2206 4047 2646 4103 fideicommissa

345 4129 468 4184 that
508 4129 622 4185 this
665 4133 833 4187 could
875 4143 976 4187 not
1010 4133 1084 4188 be
1125 4133 1276 4187 done
1315 4132 1392 4201 by
1427 4145 1627 4186 means
1665 4132 1729 4185 of
1758 4149 1795 4185 a
1825 4132 2063 4199 legacy:
2103 4129 2273 4185 ‘item
2308 4147 2343 4183 a
2372 4130 2647 4200 legatario

343 4212 519 4282 legari
543 4230 660 4267 non
686 4225 896 4285 potest,
919 4215 1023 4270 sed
1057 4213 1560 4270 fideicommissum
1591 4212 1833 4284 relinqui
1865 4222 2053 4283 potest
2080 4231 2092 4268 :
2130 4211 2443 4284 quinetiam
2474 4213 2549 4267 ab
2574 4229 2647 4268 eo

343 4311 568 4367 quoque
608 4297 696 4352 cui
741 4316 843 4369 per
889 4298 1392 4354 fideicommissum
1431 4295 1798 4368 relinquimus
1838 4313 2029 4350 rursus
2072 4297 2167 4349 alii
2212 4312 2313 4366 per
2358 4296 2645 4350 fideicom-

343 4377 581 4433 missum
603 4381 922 4452 relinquere
945 4381 1283 4452 possumus''
1311 4378 1492 4434 Gaius
1516 4377 1569 4432 ii.
1599 4391 1697 4444 271
1729 4396 1743 4432 z
1787 4378 1859 4432 cf.
1887 4376 2001 4431 Tit.
2026 4391 2113 4446 ²4·
2137 4393 2220 4448 pr.
2248 4377 2346 4434 inf.

415 4463 445 4529 §
471 4464 562 4518 12.
601 4464 726 4518 The
761 4474 1088 4520 enactment
1125 4463 1374 4519 referred
1397 4473 1460 4518 to
1481 4461 1534 4516 is
1566 4461 1625 4516 in
1654 4461 1794 4516 Cod-
1818 4461 1868 4516 6.
1896 4475 1981 4528 42.
2012 4473 2097 4530 32.
2170 4462 2295 4516 The
2330 4459 2643 4531 procedure

342 4543 642 4602 described
655 4541 812 4640 hee}
826 4553 944 4604 'was
966 4557 1068 4603 not
1091 4545 1374 4618 eonfined,
1397 4561 1463 4602 as
1487 4545 1594 4600 has
1619 4544 1765 4613 been
1791 4543 2098 4616 supposed,
2121 4552 2183 4600 to
2206 4545 2303 4599 the
2328 4559 2460 4599 case
2485 4541 2551 4597 os
2566 4555 2641 4600 aa

1437 4645 1562 4698 x2
