3230 5116
622 418 746 488 162
1026 425 1175 482 INS
1179 426 1234 480 T
1227 426 1321 481 [Τ
1328 425 1437 482 UT
1434 425 1727 484 IONUM
1762 424 2001 480 LIBRI
2038 423 2511 496 QUATTUOR.
2736 423 2864 492 [Lib.
2879 430 2920 484 1.

618 590 901 676 peditur,
960 611 1095 675 quo
1154 591 1370 654 minus
1429 589 1698 674 negotia
1757 587 1990 673 pupilli
2050 586 2514 654 administrare
2570 587 2800 671 possit,
2851 597 2922 654 et

616 694 909 780 pupillus
942 695 1047 760 vel
1088 695 1264 759 absit
1306 694 1413 758 vel
1458 693 1674 758 infans
1709 694 1814 770 sit,
1848 713 2050 776 quem
2088 690 2250 758 velit
2292 703 2588 757 actorem
2628 691 2924 776 periculo

618 799 822 884 ipsius
852 810 1121 884 praetor
1145 797 1253 864 vel
1282 799 1394 881 qui
1425 798 1800 883 provinciae
1829 798 2110 881 praeerit
2139 797 2410 864 decreto
2437 798 2818 866 constituet.

1647 1011 1907 1076 XXIV.

880 1191 980 1240 DE
1026 1187 1580 1243 SATISDATIONE
1628 1188 1998 1242 ‘ru‘rORUM
2044 1189 2140 1238 m·
2183 1187 2676 1241 CURATORUM.

708 1342 817 1406 Ne
858 1348 1083 1405 tamen
1127 1338 1525 1422 pupillorum
1569 1336 2056 1421 pupillarumve
2101 1347 2170 1403 et
2219 1357 2464 1417 eorum,
2508 1339 2622 1421 qui
2671 1357 2924 1420 quaeve

622 1444 689 1508 in
741 1445 1079 1508 curatione
1124 1450 1297 1518 sunt,
1352 1441 1623 1524 negotia
1672 1460 1714 1504 a
1763 1440 2094 1506 tutoribus
2141 1442 2635 1506 curatoribusve
2687 1461 2924 1506 consu·

622 1557 890 1612 mantur
946 1555 1063 1611 aut
1134 1545 1620 1624 deminuantur,
1680 1553 1866 1610 curat
1925 1555 2209 1628 praetor,
2271 1556 2345 1610 ut
2406 1555 2476 1611 et
2541 1555 2796 1611 tutores
2855 1553 2924 1610 et

620 1659 955 1718 curatores
995 1672 1076 1716 eo
1122 1651 1386 1716 nomine
1426 1648 1770 1713 satisdent.
1837 1650 1954 1714 sed
1998 1649 2126 1714 hoc
2169 1671 2303 1714 non
2346 1659 2448 1715 est
2487 1659 2922 1734 perpetuum;

622 1776 779 1820 nam
839 1764 1093 1820 tutores
1153 1762 1557 1818 testamento
1606 1753 1746 1817 dati
1800 1754 2123 1817 satisdare
2182 1774 2316 1817 non
2370 1763 2710 1838 coguntur,
2769 1755 2926 1836 quia

564 1853 573 1860 ’
621 1860 788 1925 fides
831 1880 1057 1924 eorum
1099 1867 1167 1922 et
1212 1857 1551 1941 diligentia
1594 1856 1680 1921 ab
1721 1857 1864 1940 ipso
1904 1865 2224 1922 testatore
2263 1856 2542 1940 probata
2578 1865 2716 1922 est:
2761 1857 2922 1921 item

620 1980 712 2027 ex
772 1963 1195 2048 inquisitione
1248 1972 1497 2027 tutores
1549 1962 1654 2025 vel
1715 1969 2046 2026 curatores
2098 1961 2238 2025 dati
2297 1961 2732 2025 satisdatione
2790 1980 2924 2025 non

566 2077 991 2142 lonerantur,
1040 2068 1195 2150 quia
1240 2065 1459 2130 idonei
1504 2065 1695 2129 electi
1743 2075 1913 2129 sunt.
2006 2061 2142 2128 Sed
2190 2074 2258 2129 et
2296 2065 2350 2127 si
2391 2086 2479 2128 ex
2519 2073 2924 2129 testamento

618 2171 724 2238 vel
768 2157 1188 2255 inquisitione
1228 2172 1359 2235 duo
1399 2169 1701 2254 pluresve
1741 2169 1882 2232 dati
1922 2167 2180 2248 suerint,
2220 2177 2441 2251 potest
2480 2189 2649 2233 unus
2689 2168 2924 2234 offerre

620 2278 783 2339 satis
824 2276 908 2340 de
952 2274 1393 2339 indemnitate
1439 2273 1670 2356 pupilli
1715 2271 1820 2335 vel
1857 2271 2300 2337 adulescentis
2344 2280 2414 2337 et
2457 2273 2786 2338 contutori
2815 2272 2923 2337 vel

622 2378 1032 2443 concuratori
1093 2377 1421 2461 praeferri,
1474 2385 1547 2440 ut
1604 2376 1784 2440 solus
1845 2376 2282 2454 administret,
2328 2376 2437 2440 vel
2485 2385 2560 2440 ut
2617 2386 2925 2441 contutor

620 2483 781 2548 satis
809 2481 1089 2545 offerens
1118 2488 1564 2565 praeponatur
1594 2481 1673 2554 ei,
1712 2487 1786 2543 ut
1816 2477 1957 2564 ipse
1993 2478 2172 2543 solus
2203 2480 2641 2545 administret.
2700 2481 2924 2563 itaque

619 2609 740 2672 per
768 2608 841 2652 se
872 2607 1003 2651 non
1036 2593 1256 2669 potest
1293 2593 1520 2668 petere
1548 2585 1713 2649 satis
1743 2606 1784 2649 a
1815 2592 2160 2649 contutore
2188 2585 2294 2649 vel
2327 2593 2754 2650 concuratore
2783 2606 2922 2663 suo,

619 2691 739 2755 sed
770 2690 1005 2755 offerre
1034 2689 1253 2767 debet,
1286 2698 1359 2752 ut
1399 2688 1790 2753 electionem
1827 2689 1942 2753 det
1979 2690 2310 2753 contutori
2343 2710 2483 2769 su0,
2515 2700 2734 2756 utrum
2763 2689 2924 2753 velit

618 2796 781 2859 satis
812 2795 1106 2877 accipere
1141 2814 1227 2857 an
1256 2794 1417 2857 satis
1446 2793 1624 2857 dare.
1713 2793 1950 2875 quodsi
1991 2813 2188 2858 nemo
2219 2815 2446 2857 eorum
2477 2794 2640 2859 satis
2668 2792 2923 2872 offerat,

618 2900 673 2963 si
702 2898 971 2983 quidem
1009 2898 1411 2980 adscriptum
1453 2896 1645 2960 suerit
1677 2915 1718 2958 a
1747 2902 2086 2973 testatore,
2120 2898 2267 2981 quis
2304 2908 2513 2980 gerat,
2546 2897 2658 2961 ille
2696 2916 2922 2980 gerere

618 3004 855 3067 debet:
905 3000 1140 3086 quodsi
1171 3020 1303 3064 non
1326 2999 1518 3064 fuerit
1541 3000 1968 3083 adscriptum,
1992 3021 2190 3083 quem
2225 3003 2433 3066 maior
2456 3021 2608 3084 pars
2632 3001 2922 3084 elegerit,

620 3109 761 3190 ipse
789 3127 1015 3190 gerere
1046 3106 1269 3183 debet,
1301 3114 1375 3168 ut
1412 3105 1633 3170 edicto
1663 3108 1983 3189 praetoris
2021 3116 2306 3171 cavetur.
2396 3108 2499 3170 sin
2539 3116 2765 3171 autem
2797 3104 2924 3189 ipsi

617 3220 869 3275 tutores
904 3210 1331 3275 dissenserint
1376 3210 1549 3273 circa
1592 3209 1973 3293 eligendum
2026 3231 2178 3274 eum
2224 3209 2328 3273 vel
2380 3230 2494 3274 eos
2538 3210 2652 3291 qui
2694 3228 2922 3291 gerere

616 3316 880 3392 debent,
932 3324 1196 3396 praetor
1242 3322 1466 3396 partes
1514 3333 1665 3376 suas
1717 3315 2138 3395 interponere
2190 3312 2411 3377 debet.
2501 3313 2680 3375 idem
2732 3322 2803 3377 et
2853 3314 2921 3376 in

619 3416 911 3500 pluribus
943 3436 1029 3480 ex
1072 3416 1495 3499 inquisitione
1524 3416 1701 3479 datis
1743 3416 2158 3497 probandum
2196 3426 2315 3494 est,
2345 3416 2412 3480 id
2457 3424 2558 3479 est
2599 3424 2675 3478 ut
2714 3416 2927 3480 maior

618 3540 769 3603 pars
798 3519 1038 3601 eligere
1068 3521 1295 3601 possit,
1325 3538 1445 3601 per
1474 3537 1676 3601 quem
1707 3519 2194 3583 administratio
2227 3518 2432 3583 fieret.

687 3726 809 3780 Ἧι.
833 3726 1071 3781 mv.
1112 3724 1237 3779 The
1262 3720 1650 3794 squandering
1668 3722 1735 3776 of
1743 3722 1946 3794 pupils’
1964 3723 2216 3779 fortunes
2235 3724 2313 3794 by
2329 3723 2478 3779 their
2493 3732 2674 3779 tutors
2700 3722 2748 3778 is
2768 3724 2922 3780 osten

618 3805 785 3863 dwelt
823 3824 975 3879 upon
1012 3806 1089 3877 by
1124 3807 1221 3861 old
1258 3806 1507 3861 writers:
1554 3808 1569 3835 ‘
1588 3805 1816 3861 divitias
1842 3844 1858 3861 .
1883 3846 1898 3861 .
1926 3847 1941 3861 .
1967 3846 1982 3861 .
2009 3817 2068 3863 ut
2106 3808 2283 3863 ferme
2319 3807 2526 3875 evenit,
2551 3817 2704 3863 tutor
2739 3805 2899 3861 immi

618 3890 763 3945 nuit’
780 3890 1053 3962 Apuleius
1078 3892 1248 3961 apol.,
1277 3890 1668 3945 ‘multiformis
1693 3891 2024 3962 plerumque
2043 3891 2282 3961 perfidia
2298 3893 2577 3946 tutorum’
2597 3892 2924 3961 Symmach.

620 3975 731 4044 Ep.
773 3989 823 4042 7.
867 3975 953 4044 65,
1012 3974 1275 4029 ‘cottidie
1324 3973 1573 4044 suspecti
1623 3984 1838 4029 tutores
1887 3976 2272 4046 postulantur’
2318 3976 2451 4045 Dig.
2498 3974 2583 4031 26.
2633 3990 2714 4030 10.
2758 3989 2801 4028 1.
2839 3990 2920 4045 pr.

618 4058 829 4112 Tutors
864 4057 981 4112 and
1013 4068 1283 4125 curators,
1310 4056 1443 4111 with
1477 4058 1577 4111 the
1606 4056 1936 4128 exceptions
1973 4057 2304 4113 mentioned
2337 4057 2394 4113 in
2429 4059 2528 4113 the
2561 4067 2696 4127 text,
2722 4057 2839 4112 had
2861 4066 2924 4111 to

618 4139 747 4210 give
784 4141 1029 4211 security
1066 4140 1217 4195 ‘rem
1252 4139 1451 4212 pupilli
1488 4141 1713 4195 salvam'
1746 4140 1864 4196 fore
1885 4142 1899 4169 ’
1935 4141 2041 4196 Bk.
2067 4139 2144 4195 iii.
2178 4142 2254 4196 18.
2283 4155 2320 4208 4
2343 4140 2459 4211 inf„
2483 4141 2632 4198 their
2663 4158 2789 4195 own
2826 4156 2924 4197 en·

618 4235 919 4293 gagement
958 4226 1166 4294 always
1200 4223 1372 4293 being
1408 4224 1718 4295 supported
1753 4224 1833 4293 by
1855 4223 2110 4279 sureties.
2187 4224 2240 4279 It
2265 4242 2382 4280 was
2417 4242 2454 4279 a
2488 4222 2750 4295 question
2775 4225 2923 4279 whe-

618 4308 747 4363 ther
768 4308 865 4363 the
888 4316 1091 4378 patron
1126 4308 1241 4363 and
1274 4307 1363 4363 his
1400 4324 1535 4363 sons
1562 4324 1710 4364 were
1735 4308 2036 4379 exempted
2061 4308 2206 4363 from
2243 4307 2580 4364 satisdatio:
2618 4310 2715 4363 the
2739 4308 2925 4362 better

619 4391 761 4447 view
785 4408 972 4447 seems
1007 4400 1069 4447 to
1098 4392 1245 4447 have
1269 4392 1415 4446 been
1449 4392 1571 4448 that
1609 4391 1653 4447 it
1679 4392 1982 4462 depended
2006 4408 2080 4446 on
2117 4393 2216 4447 the
2253 4391 2696 4447 circumstances
2733 4390 2800 4445 of
2827 4390 2922 4445 the

618 4474 922 4546 particular
944 4490 1095 4545 case,
1122 4474 1254 4544 Dig.
1283 4476 1369 4532 26.
1392 4490 1445 4542 4.
1475 4487 1525 4545 5.
1554 4490 1597 4531 1.

692 4556 720 4629 ξ
747 4564 799 4615 1.
836 4559 1049 4614 Where
1074 4558 1233 4613 there
1259 4574 1403 4615 were
1438 4559 1655 4614 several
1683 4556 1830 4630 joint
1857 4568 2036 4615 tutors
2063 4574 2128 4615 or
2151 4567 2406 4615 curators
2432 4558 2510 4629 (1)
2537 4558 2634 4615 the
2657 4555 2922 4613 business
