3230 5116
565 413 695 497 284
967 423 1673 482 JNSTJTUTJONUM
1706 423 1947 480 LIBRI
1980 421 2456 496 QUATTUOR.
2646 423 2777 489 [ub.
2800 405 2865 476 11‘.

473 607 544 661 10
571 587 708 654 Sed
740 588 794 653 si
826 610 963 655 rem
995 589 1293 672 legatarii
1333 589 1482 674 quis
1513 590 1574 654 ei
1603 587 1939 673 legaverit,
1972 587 2204 654 inutile
2234 587 2528 671 legatum
2558 595 2677 666 est,
2710 587 2865 672 quia

566 694 747 775 quod
801 695 1138 776 proprium
1190 704 1292 759 est
1339 694 1562 777 ipsius,
1605 692 1896 775 amplius
1938 693 2077 758 eius
2125 691 2265 756 fieri
2316 712 2447 755 non
2492 700 2751 774 potest:
2798 700 2865 755 et

569 794 723 860 licet
751 795 1130 863 alienaverit
1162 818 1329 875 eam,
1354 817 1484 861 non
1510 798 1791 862 debetur
1820 816 1943 861 nec
1974 797 2120 878 ipsa
2148 815 2269 859 nec
2299 797 2677 859 aestimatio
2709 795 2865 860 eius.

474 904 538 957 11
570 897 643 963 Si
673 901 820 982 quis
851 921 990 965 rem
1020 921 1209 965 suam
1239 901 1428 984 quasi
1459 900 1745 965 alienam
1777 900 2111 982 legaverit,
2134 899 2315 964 valet
2338 897 2633 982 legatum
2660 921 2675 960 :
2710 917 2865 963 nam

567 1004 716 1087 plus
745 1005 942 1085 valet,
969 1007 1150 1089 quod
1193 1007 1260 1069 in
1290 1006 1568 1071 veritate
1612 1013 1733 1082 est,
1764 1024 1966 1088 quam
1996 1005 2176 1088 quod
2219 1004 2286 1067 in
2329 1004 2658 1086 opinione.
2748 1003 2865 1066 sed

568 1118 637 1172 et
682 1108 736 1170 si
781 1108 1080 1190 legatarii
1129 1109 1405 1192 putavit,
1448 1111 1667 1174 valere
1720 1116 2001 1186 constat,
2052 1108 2209 1190 quia
2258 1108 2515 1172 exitum
2563 1106 2867 1171 voluntas

474 1219 542 1274 12
570 1212 860 1278 defuncti
892 1223 1117 1296 potest
1145 1215 1410 1279 habere.
1519 1213 1593 1278 Si
1633 1234 1771 1277 rem
1808 1234 1998 1278 suam
2030 1213 2346 1295 legaverit
2376 1220 2658 1276 testator
2687 1220 2869 1293 post·

566 1337 780 1398 eaque
838 1338 986 1381 eam
1043 1317 1442 1397 alienaverit,
1506 1317 1743 1383 Celsus
1804 1316 2168 1392 existimat,
2222 1315 2279 1380 si
2339 1337 2472 1379 non
2530 1313 2866 1379 adimendi

566 1421 791 1484 animo
841 1422 1157 1496 vendidit,
1213 1418 1417 1486 nihilo
1467 1423 1685 1485 minus
1739 1414 1984 1496 deberi,
2040 1417 2242 1503 idque
2288 1421 2421 1485 divi
2472 1419 2756 1485 Severus
2800 1428 2869 1482 et

568 1523 956 1588 Antoninus
1003 1526 1491 1608 rescripserunt.
1598 1525 1777 1589 idem
1824 1526 2293 1608 rescripserunt
2338 1545 2510 1600 eum,
2559 1522 2671 1606 qui
2716 1532 2868 1606 post

567 1636 1046 1694 testamentum
1078 1628 1328 1695 factum
1359 1631 1635 1713 praedia
1672 1651 1846 1713 quae
1886 1629 2110 1713 legata
2154 1638 2340 1694 erant
2373 1629 2627 1712 pignori
2663 1628 2867 1704 dedit,

567 1733 898 1797 ademisse
941 1732 1238 1816 legatum
1285 1754 1416 1798 non
1459 1734 1667 1798 videri
1714 1745 1782 1798 et
1826 1736 1979 1798 ideo
2019 1733 2414 1816 legatarium,
2444 1754 2595 1797 eum
2626 1732 2869 1796 herede

569 1855 767 1918 agere
796 1857 1011 1918 posse,
1043 1847 1117 1902 ut
1149 1839 1418 1920 praedia
1450 1860 1491 1902 a
1521 1838 1845 1902 creditore
1884 1837 2168 1903 luantur.
2257 1837 2311 1900 si
2350 1856 2506 1901 vero
2544 1837 2691 1920 quis
2720 1855 2867 1917 par·
2932 1863 2944 1872 ·

569 1949 706 2004 tem
740 1940 831 2003 rei
873 1941 1133 2022 legatae
1163 1941 1566 2020 alienaverit,
1597 1961 1751 2025 pars
1781 1962 1955 2026 quae
1992 1961 2127 2004 non
2174 1949 2275 2004 est
2320 1939 2607 2004 alienata
2654 1939 2865 2003 omni-

570 2042 774 2108 modo
826 2045 1123 2123 debetur,
1165 2066 1319 2129 pars
1364 2043 1590 2110 au⁴tem
1640 2046 1929 2109 alienata
1976 2045 2070 2110 ita
2107 2044 2403 2121 debetur,
2449 2045 2506 2107 si
2554 2063 2685 2106 non
2730 2041 2871 2106 adi·

477 2160 545 2215 13
573 2148 793 2212 mendi
828 2149 1054 2214 animo
1088 2149 1375 2214 alienata
1416 2151 1522 2215 sit.
1617 2149 1691 2215 Si
1728 2151 1874 2233 quis
1918 2149 2204 2213 debitori
2250 2169 2371 2212 suo
2415 2146 2870 2211 liberationem

568 2253 907 2336 legaverit,
939 2252 1235 2336 legatum
1277 2254 1438 2319 utile
1479 2264 1582 2319 est
1628 2265 1696 2320 et
1742 2276 1957 2339 neque
2000 2255 2086 2318 ab
2134 2253 2277 2336 ipso
2320 2253 2621 2317 debitore
2656 2271 2873 2334 neque

568 2356 656 2419 ab
688 2355 932 2419 herede
963 2356 1103 2420 eius
1133 2367 1356 2439 potest
1383 2357 1575 2422 heres
1603 2369 1831 2442 petere
1860 2378 1983 2423 nec
2011 2359 2099 2422 ab
2131 2357 2263 2422 alio
2293 2357 2406 2439 qui
2436 2355 2696 2420 heredis
2726 2354 2873 2419 loco

570 2467 672 2522 est
698 2483 712 2520 :
759 2460 877 2523 sed
909 2472 977 2524 et
1007 2471 1231 2543 potest
1262 2484 1303 2526 a
1332 2461 1631 2527 debitore
1662 2463 2010 2540 conveniri,
2041 2472 2116 2527 ut
2146 2461 2381 2526 liberet
2416 2480 2589 2524 eum.
2650 2467 2871 2543 potest

476 2572 544 2624 14
569 2571 793 2627 autem
846 2563 994 2646 quis
1043 2565 1148 2629 vel
1197 2567 1284 2630 ad
1335 2575 1599 2650 tempus
1639 2568 1863 2631 iubere
1911 2588 1994 2631 ne
2032 2566 2222 2631 heres
2267 2575 2471 2648 petat.
2562 2564 2675 2627 Ex
2719 2583 2875 2628 con·

570 2667 771 2731 trario
801 2668 856 2731 si
888 2667 1149 2733 debitor
1177 2670 1484 2735 creditori
1519 2692 1643 2735 suo
1689 2671 1869 2754 quod
1912 2672 2114 2736 debet
2141 2669 2476 2752 legaverit,
2510 2668 2741 2733 inutile
2772 2677 2874 2732 est

641 2946 669 3019 ξ
695 2951 789 3006 10.
828 2950 911 3006 Cf.
941 2952 1048 3007 Bk.
1075 2951 1144 3008 iv.
1171 2952 1226 3008 6.
1254 2968 1316 3021 14
1341 2952 1439 3008 inf.
1516 2955 1632 3009 For
1668 2955 1765 3009 the
1796 2953 2071 3024 principle
2108 2944 2323 3024 (regula
2350 2951 2687 3020 Catoniana)
2720 2966 2872 3023 upon

568 3032 752 3087 which
777 3051 814 3089 a
837 3035 1036 3105 legacy
1060 3036 1126 3090 of
1141 3036 1254 3091 this
1278 3036 1420 3091 kind
1444 3054 1559 3092 was
1584 3037 1718 3093 void
1743 3055 1839 3094 see
1865 3055 1939 3093 on
1966 3036 1994 3108 ξ
2025 3051 2093 3104 32
2119 3036 2213 3093 inf.

639 3118 670 3184 §
699 3120 778 3174 11.
820 3120 872 3173 It
898 3118 945 3173 is
972 3120 1205 3176 difficult
1242 3130 1301 3176 to
1327 3138 1423 3177 see
1450 3123 1579 3191 why
1608 3123 1708 3177 the
1732 3122 1852 3177 rule
1879 3121 2037 3192 ‘plus
2061 3122 2212 3176 valet
2247 3119 2400 3191 quod
2434 3118 2492 3175 in
2517 3119 2755 3174 veritate
2787 3128 2873 3174 est

567 3216 740 3271 quam
777 3203 931 3272 quod
969 3200 1026 3258 in
1063 3203 1360 3274 opinione’
1397 3203 1496 3259 did
1533 3215 1633 3260 not
1670 3204 1843 3275 apply
1868 3214 1928 3259 to
1964 3205 2163 3274 legacy
2189 3203 2255 3258 of
2281 3220 2318 3257 a
2342 3220 2433 3258 res
2469 3203 2657 3257 aliena
2692 3202 2875 3257 which

566 3286 665 3338 the
701 3294 940 3340 testator
976 3286 1216 3357 thought
1249 3304 1364 3343 was
1403 3304 1523 3357 sua,
1550 3286 1733 3342 which
1774 3288 1831 3342 in
1860 3285 1887 3357 ξ
1918 3302 1953 3355 4
1978 3303 2128 3357 supr.
2158 3287 2206 3342 is
2239 3285 2363 3342 said
2398 3296 2458 3341 to
2486 3287 2560 3341 be
2596 3284 2765 3341 void:
2804 3286 2871 3341 cf.

568 3369 690 3422 also
717 3368 850 3438 Dig.
878 3384 962 3438 29.
989 3384 1039 3423 2.
1072 3384 1131 3440 15
1161 3371 1319 3440 ‘plus
1344 3380 1430 3426 est
1456 3371 1514 3425 in
1540 3370 1809 3442 opinione
1835 3388 2007 3466 quam
2032 3370 2089 3425 in
2116 3370 2385 3426 veritate!

641 3454 670 3520 ᾧ
699 3456 787 3507 12.
827 3455 952 3508 The
985 3456 1272 3524 generally
1309 3454 1572 3509 received
1603 3455 1839 3525 opinion
1873 3455 1930 3509 in
1967 3454 2161 3510 Gaius’
2184 3454 2321 3510 time
2349 3454 2427 3524 (ii.
2459 3454 2579 3523 198)
2605 3471 2721 3509 was
2752 3454 2874 3508 that

567 3536 708 3591 such
745 3552 787 3601 a
816 3537 1015 3607 legacy
1040 3555 1154 3592 was
1189 3537 1339 3607 void,
1364 3540 1555 3593 unless
1593 3538 1763 3607 given
1800 3555 1902 3608 per
1939 3538 2381 3606 damnationem,
2406 3538 2525 3593 and
2558 3554 2701 3593 even
2738 3538 2875 3592 then

567 3620 665 3673 the
705 3618 825 3674 heir
867 3637 942 3674 on
986 3621 1158 3690 being
1199 3578 1342 3676 sueti
1381 3621 1549 3676 could
1587 3623 1745 3692 repel
1788 3622 1884 3677 the
1923 3623 2143 3691 legatee
2186 3623 2264 3692 by
2298 3621 2556 3692 exceptio
2596 3620 2748 3676 doli:
2804 3620 2875 3676 cf.

571 3702 918 3772 Pomponius
945 3702 1002 3758 in
1032 3704 1161 3775 Dig.
1191 3718 1274 3772 30.
1303 3705 1350 3760 8.
1379 3721 1461 3774 pr.
1490 3703 1506 3734 ‘
1525 3704 1574 3759 si
1612 3715 1832 3775 partem
1868 3704 2192 3775 alienasset,
2222 3714 2444 3775 partem
2479 3704 2752 3763 duntaxat
2779 3744 2792 3759 .
2820 3743 2833 3760 .
2860 3742 2875 3757 .

569 3785 799 3841 deberi!

641 3870 788 3936 §la
841 3869 900 3923 11·
939 3871 1036 3925 the
1085 3880 1322 3927 testator
1370 3889 1486 3926 was
1533 3870 1771 3927 himself
1812 3873 1911 3927 the
1966 3872 2226 3942 creditor,
2277 3873 2375 3928 the
2430 3872 2647 3940 debtor,
2696 3870 2877 3926 under

567 3952 867 4022 Justinian,
893 3970 1008 4009 was
1034 3955 1253 4025 usually
1277 3955 1532 4011 released
1558 3954 1683 4025 ipso
1716 3956 1868 4011 facto
1905 3957 1983 4026 by
2008 3958 2103 4012 the
2129 3958 2329 4026 legacy
2353 3976 2367 4022 ;
2402 3955 2491 4010 for
2514 3955 2601 4010 his
2636 3954 2785 4024 right
2816 3964 2875 4008 to

570 4039 792 4107 compel
825 4039 922 4093 the
953 4038 1076 4093 heir
1112 4049 1172 4094 to
1208 4041 1424 4096 release
1458 4039 1580 4094 him
1618 4040 1685 4094 cf.
1717 4038 1847 4110 Dig.
1877 4054 1963 4109 34.
1990 4054 2037 4109 3.
2067 4054 2114 4108 3.
2144 4054 2176 4107 3
2204 4040 2419 4110 ‘agere,
2454 4048 2513 4093 ut
2548 4038 2754 4093 liberer
2775 4055 2877 4108 per

569 4120 1094 4191 acceptilationem.’
1169 4123 1228 4177 If
1255 4124 1351 4178 the
1388 4122 1633 4178 creditor
1670 4140 1783 4178 was
1822 4139 1981 4178 some
2017 4140 2126 4178 one
2163 4124 2297 4191 else,
2335 4122 2431 4177 the
2470 4122 2673 4177 debtor
2707 4121 2876 4175 could

568 4205 792 4275 compel
816 4205 913 4260 the
937 4206 1062 4260 heir
1083 4215 1144 4260 to
1167 4224 1280 4277 pay
1304 4207 1401 4261 the
1438 4206 1574 4261 debt
1601 4207 1717 4260 and
1741 4223 1806 4261 so
1841 4205 2141 4277 discharge
2166 4205 2303 4274 him,
2333 4204 2467 4274 Dig.
2493 4203 2565 4260 ib.
2596 4205 2643 4259 8.
2672 4220 2773 4274 pr.,
2798 4203 2871 4259 ib.

576 4303 634 4343 11
677 4288 792 4343 and
831 4302 907 4355 14
1004 4289 1063 4342 If
1102 4291 1200 4345 the
1247 4291 1534 4360 supposed
1584 4290 1719 4345 debt
1770 4306 1883 4345 was
1932 4288 2333 4358 non-existent,
2377 4290 2475 4344 the
2514 4290 2735 4357 legatee
2776 4296 2875 4357 got

569 4371 848 4440 nothing3
896 4372 1012 4426 and
1053 4374 1151 4427 the
1187 4374 1387 4444 legacy
1425 4390 1540 4429 was
1589 4372 1987 4443 extinguished
2037 4374 2113 4443 by
2148 4370 2458 4429 extinction
2502 4371 2569 4426 of
2598 4372 2694 4426 the
2738 4370 2875 4426 debt

571 4454 776 4523 during
799 4455 895 4511 the
920 4458 1200 4511 testator's
1224 4446 1474 4513 lifetir'ne.

647 4536 674 4609 ξ
703 4540 794 4595 14.
842 4539 1054 4595 Where
1087 4556 1294 4612 money
1328 4540 1438 4597 due
1467 4556 1542 4596 on
1579 4558 1615 4596 a
1651 4538 1865 4597 certain
1897 4540 2025 4611 day,
2063 4556 2127 4595 or
2163 4556 2238 4595 on
2278 4540 2376 4597 the
2412 4538 2709 4595 fulfilment
2746 4536 2811 4592 of
2839 4552 2875 4593 a
