3230 5116
592 350 724 430 354
1001 350 1152 407 INS
1159 350 1248 405 T!
1249 350 1300 404 T
1305 350 1416 406 UT
1409 348 1570 404 [ΟΝ
1572 346 1705 404 UM
1740 344 1981 402 LIBRI
2016 342 2185 416 QUA
2200 342 2255 397 T
2257 343 2311 397 T
2313 342 2492 399 UOR.
2662 338 2798 407 [L'ib-
2824 344 2935 393 ΠΓ.

592 516 984 599 plerumque
1026 514 1336 590 efficiunt,
1382 521 1460 579 ut
1503 511 1719 577 minus
1760 510 2045 595 quisque
2086 517 2544 592 consequatur,
2590 526 2797 590 quam
2850 504 2931 568 ei

593 622 952 685 debentur:
1029 638 1318 701 namque
1375 638 1467 682 ex
1517 618 1696 681 bono
1748 628 1817 681 et
1868 635 2103 697 aequo,
2150 614 2385 677 habita
2437 612 2689 675 ratione
2744 611 2929 685 eius,

593 726 774 807 quod
823 724 1102 788 invicem
1141 734 1434 787 actorem
1485 742 1574 785 ex
1625 721 1861 785 eadem
1910 738 2109 783 causa
2156 726 2495 801 praestare
2544 723 2923 797 oporteret,

594 828 660 891 in
694 828 1020 911 reliquum
1052 846 1204 891 eum
1247 846 1399 889 cum
1445 846 1580 908 quo
1621 832 1847 888 actum
1893 832 1995 887 est
2033 823 2527 896 condemnaret,
2559 819 2729 883 sicut
2766 818 2925 879 iam

497 948 569 1003 40
594 932 842 995 dictum
885 940 1004 996 est.
1095 930 1272 993 Eum
1311 948 1594 1013 quoque,
1638 927 1751 1011 qui
1796 926 2233 991 creditoribus
2272 925 2409 987 suis
2448 922 2639 986 bonis
2683 920 2921 996 cessit,

593 1036 648 1097 si
709 1042 942 1117 postea
1003 1033 1254 1115 aliquid
1323 1032 1728 1115 adquisierit,
1774 1031 1955 1115 quod
2002 1031 2313 1094 idoneum
2374 1026 2919 1091 emolumentum

593 1138 858 1213 habeat,
901 1158 990 1202 ex
1041 1138 1302 1220 integro
1344 1138 1410 1200 in
1459 1136 1528 1199 id
1579 1136 1761 1218 quod
1814 1134 2030 1199 facere
2078 1142 2303 1216 potest
2342 1130 2696 1195 creditores
2740 1148 2913 1192 cum

595 1262 675 1305 eo
705 1242 1172 1324 experiuntur:
1220 1239 1652 1303 inhumanum
1684 1238 1862 1303 enim
1892 1248 2037 1302 erat
2066 1236 2429 1319 spoliatum
2458 1232 2735 1297 fortunis
2760 1230 2917 1295 suis

593 1345 661 1407 in
691 1345 974 1409 solidum
1007 1344 1326 1409 damnari.

1670 1525 1829 1591 VII.

827 1692 1038 1757 QUOD
1083 1692 1243 1745 CUM
1291 1692 1388 1745 Eo
1434 1692 1570 1757 QUI
1617 1693 1701 1743 IN
1743 1692 2027 1743 ALIENA
2072 1690 2501 1743 POTESTATE
2544 1687 2679 1741 EST

1070 1796 1470 1849 NEGOTIUM
1517 1797 1827 1849 GESTUM
1878 1796 2055 1847 ESSE
2100 1795 2437 1847 DICITUR.

684 1945 861 2030 Quia
918 1957 1146 2013 tamen
1221 1948 1521 2030 superius
1582 1946 1989 2013 mentionem
2048 1944 2405 2011 habuimus
2478 1943 2567 2007 de
2622 1939 2903 2017 actione,

597 2070 768 2132 quae
802 2052 866 2113 in
905 2051 1234 2134 peculium
1279 2052 1562 2116 filiorum
1604 2050 1887 2115 familias
1922 2068 2391 2130 servorumque
2430 2047 2683 2130 agitur:
2728 2063 2903 2125 opus

597 2163 718 2229 est,
753 2162 826 2218 ut
857 2155 941 2217 de
971 2155 1098 2219 hac
1125 2156 1385 2219 actione
1416 2164 1484 2219 et
1515 2156 1601 2218 de
1632 2154 1884 2229 ceteris,
1918 2174 2091 2238 quae
2133 2152 2491 2215 eorundem
2534 2148 2799 2212 nomine
2832 2147 2899 2209 in

595 2267 904 2339 parentes
963 2258 1351 2322 dominosve
1425 2260 1568 2323 dari
1652 2257 1887 2337 solent,
1946 2256 2329 2341 diligentius
2400 2254 2896 2321 admoneamus.

595 2368 664 2422 et
707 2360 882 2440 quia,
921 2359 1058 2423 sive
1104 2380 1256 2425 cum
1298 2362 1502 2427 servis
1553 2363 1897 2444 negotium
1946 2371 2211 2444 gestum
2258 2360 2345 2425 sit
2395 2359 2533 2423 sive
2578 2376 2730 2422 cum
2774 2354 2897 2432 his,

593 2461 706 2542 qui
755 2460 820 2523 in
863 2471 1196 2545 potestate
1237 2463 1526 2545 parentis
1571 2476 1743 2540 sunt,
1782 2464 1919 2529 sere
1964 2465 2201 2529 eadem
2237 2466 2377 2527 iura
2415 2469 2767 2536 servantur,
2812 2478 2897 2521 ne

593 2565 872 2628 verbosa
903 2565 1020 2630 fiat
1049 2567 1426 2650 disputatiO,
1453 2569 1815 2654 dirigamus
1846 2589 2219 2634 sermonem
2251 2571 2317 2632 in
2348 2585 2699 2654 personam
2730 2561 2894 2626 servi

596 2669 995 2751 dominique,
1027 2669 1203 2736 idem
1243 2671 1639 2738 intellecturi
1682 2675 1768 2738 de
1814 2673 2035 2738 liberis
2081 2693 2345 2756 quoque
2386 2679 2455 2736 et
2500 2667 2893 2752 parentibus,

595 2793 876 2855 quorum
923 2774 988 2838 in
1039 2783 1373 2856 potestate
1417 2785 1590 2842 sunt.
1680 2797 1835 2842 nam
1884 2778 1941 2842 si
1990 2777 2151 2859 quid
2204 2777 2270 2840 in
2322 2774 2427 2840 his
2472 2771 2735 2856 proprie
2777 2770 2895 2834 ob·

595 2887 902 2956 servetur,
935 2881 1294 2961 separatim
1325 2880 1762 2945 ostendimus·

665 3134 696 3199 ὁ
724 3136 823 3188 40.
867 3135 981 3188 For
1005 3133 1190 3190 cessio
1212 3134 1493 3190 bonorum
1518 3151 1615 3190 see
1640 3152 1697 3206 p.
1724 3149 1827 3204 377
1854 3153 2005 3207 supr.

663 3219 786 3273 ‘ne
809 3219 956 3272 VII.
997 3219 1126 3272 The
1159 3219 1280 3273 rule
1317 3219 1382 3272 ol'
1411 3220 1508 3274 the
1544 3219 1675 3274 civil
1712 3221 1835 3287 law,
1872 3219 2105 3289 already
2136 3237 2295 3275 more
2328 3220 2467 3275 than
2504 3235 2647 3273 once
2670 3214 2893 3272 alluded

593 3310 670 3369 to,
709 3317 824 3354 was
863 3301 987 3355 that
1027 3301 1086 3356 in
1128 3318 1204 3356 no
1237 3319 1372 3358 case
1406 3304 1574 3358 could
1609 3319 1727 3373 any
1763 3303 2003 3372 liability
2036 3305 2231 3358 attach
2272 3313 2333 3358 to
2369 3321 2407 3358 a
2439 3301 2589 3358 man‘
2606 3317 2759 3371 upon
2799 3299 2891 3354 the

595 3391 880 3438 contracte
901 3399 968 3436 or
984 3383 1458 3454 quasi-contracts
1477 3385 1648 3441 made
1667 3386 1745 3456 by
1762 3387 1929 3441 those
1954 3386 2009 3440 in
2030 3385 2122 3440 his
2136 3403 2343 3456 power,
2363 3385 2617 3440 whether
2632 3385 2817 3438 slaves
2830 3397 2892 3436 or

593 3463 886 3518 children:
925 3463 1156 3520 ‘melior
1192 3467 1454 3522 condicio
1495 3478 1691 3523 nostra
1728 3486 1831 3540 per
1872 3485 2067 3524 servos
2107 3469 2223 3524 fieri
2262 3479 2467 3539 potest,
2500 3465 2744 3524 deterior
2780 3462 2892 3519 fieri

593 3563 710 3601 non
735 3556 922 3616 potest
942 3549 958 3576 ³
983 3547 1114 3617 Dig.
1148 3562 1227 3618 50.
1263 3564 1339 3618 17.
1375 3567 1396 3605 ι
1406 3565 1473 3620 33
1497 3569 1512 3618 ;
1549 3553 1623 3606 cf.
1651 3551 1759 3607 Tit.
1788 3553 1841 3608 6.
1866 3568 1941 3625 ιιο
1960 3569 2110 3622 supr.
2200 3553 2325 3606 The
2349 3550 2614 3606 manifest
2640 3546 2894 3620 injustice

595 3628 662 3683 of
689 3628 804 3684 this
841 3629 898 3684 in
936 3643 1200 3688 concrete
1225 3650 1386 3688 cases
1411 3634 1505 3689 led
1530 3645 1590 3689 to
1627 3652 1664 3689 a
1700 3637 2021 3705 praetorian
2056 3635 2295 3706 change,
2319 3636 2397 3705 by
2420 3635 2605 3689 which
2632 3651 2743 3688 one
2766 3631 2893 3687 with

595 3714 782 3768 whom
815 3731 852 3768 a
889 3715 1046 3769 slave
1079 3717 1425 3786 contracted,
1467 3718 1583 3772 and
1622 3719 1749 3772 who
1789 3719 2110 3790 previously
2145 3719 2263 3774 had
2305 3735 2381 3772 no
2418 3717 2656 3787 remedy
2676 3714 2893 3786 against

595 3813 709 3865 any
733 3811 859 3864 one,
887 3813 1001 3851 was
1027 3799 1286 3868 enabled‚
1313 3800 1494 3856 under
1517 3799 1731 3855 certain
1758 3801 2215 3870 circumstanceS,
2241 3812 2302 3857 to
2328 3817 2429 3856 sue
2462 3801 2561 3856 the
2584 3810 2812 3866 master,
2834 3812 2895 3852 οι·

597 3878 728 3933 with
755 3880 939 3933 whom
975 3896 1012 3935 a
1046 3879 1435 3937 filiusfamilias
1473 3883 1803 3938 contracted
1840 3885 2007 3940 could
2034 3901 2135 3940 sue
2161 3885 2258 3940 the
2284 3883 2469 3939 father
2493 3883 2551 3938 in
2576 3883 2895 3954 preference

595 3973 656 4018 to
705 3963 800 4017 the
850 3979 973 4032 son,
1015 3964 1238 4033 against
1275 3965 1461 4022 whom
1504 3966 1570 4020 of
1604 3983 1805 4022 course
1852 3969 1927 4023 he
1974 3967 2091 4022 had
2130 3969 2341 4036 always
2378 3967 2494 4023 had
2526 3967 2619 4021 his
2650 3963 2890 4032 remedy.

596 4047 722 4100 The
758 4055 949 4102 extent
985 4057 1046 4102 to
1089 4047 1272 4103 which
1307 4049 1406 4104 the
1445 4059 1606 4120 pater
1646 4066 1710 4104 or
1745 4050 2011 4106 dominus
2042 4068 2157 4106 was
2186 4052 2321 4106 thus
2349 4051 2521 4105 made
2553 4047 2893 4104 ansverable

595 4129 792 4186 varied
830 4129 1137 4200 according
1178 4141 1240 4186 to
1273 4133 1372 4188 the
1411 4133 1851 4188 circumstances
1886 4135 1952 4188 of
1979 4135 2079 4190 the
2110 4151 2263 4189 case.
2337 4135 2405 4188 In
2443 4149 2604 4188 some
2632 4147 2795 4186 cases
2825 4131 2893 4185 he

597 4215 836 4270 became
879 4213 1049 4270 liable
1087 4225 1148 4269 to
1191 4217 1290 4271 the
1331 4217 1576 4272 creditor
1615 4217 1675 4271 in
1710 4217 1973 4286 solidum,
2004 4233 2068 4272 as
2108 4219 2293 4271 where
2324 4217 2399 4270 he
2432 4216 2567 4285 had,
2591 4214 2771 4270 either
2808 4230 2893 4268 ex·

597 4298 816 4368 pressly
841 4314 906 4352 or
928 4298 1006 4367 by
1029 4297 1396 4369 implication,
1418 4299 1673 4357 directed
1696 4317 1761 4355 or
1785 4300 2190 4371 subsequently
2209 4298 2461 4370 adopted
2485 4299 2584 4354 the
2608 4306 2891 4362 conuacn

599 4385 657 4439 in
691 4386 882 4441 others
921 4385 1010 4440 his
1051 4386 1362 4457 obligation
1402 4403 1517 4442 was
1557 4399 1657 4443 not
1698 4388 2055 4444 coextensive
2096 4387 2228 4443 with
2270 4387 2394 4442 that
2440 4387 2505 4441 of
2544 4387 2642 4440 the
2678 4401 2801 4451 son,
2833 4398 2890 4436 m

598 4470 784 4525 where
820 4471 893 4526 he
926 4470 1093 4526 knew
1116 4470 1356 4542 nothing
1381 4471 1446 4525 of
1474 4472 1573 4528 the
1607 4472 1972 4542 transaction,
1998 4471 2115 4528 and
2138 4471 2257 4527 had
2280 4470 2519 4528 derived
2539 4487 2615 4526 no
2638 4465 2891 4540 persona!
