3230 5116
527 914 842 969 DOMINI
891 912 1187 968 NOSTRI
1243 911 1707 967 IUSTINIANI
1763 911 2193 966 PERPETUO
2244 911 2605 967 AUGUSTI

413 1160 535 1262 IN
553 1157 1164 1262 STITUTION
1183 1157 1354 1260 UM
1459 1157 1725 1260 SIVE
1822 1156 2727 1261 ELEMENTORUM

411 1491 1008 1543 COMPOSITORUM
1042 1491 1182 1540 PER
1217 1489 1751 1542 TRIBONIANUM
1784 1491 2031 1542 VIRUM
2068 1489 2457 1543 EXCELSUM
2494 1488 2729 1542 IURIS·

519 1609 678 1675 QUE
715 1607 1224 1662 DOCTISSIMUM
1255 1608 1701 1660 MAGISTRUM
1731 1610 1825 1658 ET
1851 1609 2388 1676 EXQUAESTORE
2414 1609 2627 1660 SACRI

625 1727 927 1778 PALATII
965 1727 1060 1778 ET
1095 1726 1598 1778 THEOPHILUM
1619 1727 1865 1778 VIRUM
1902 1727 2381 1778 MAGNIFICUM
2418 1727 2533 1777 IU-

702 1845 820 1895 RIS
847 1844 1181 1896 PERITUM
1217 1844 1314 1894 ET
1335 1843 1913 1897 ANTECESSOREM
1944 1845 2179 1898 HUIUS
2208 1845 2465 1896 ALMAE

777 1961 996 2014 URBIS
1048 1961 1144 2012 ET
1196 1961 1673 2016 DOROTHEUM
1724 1963 1971 2016 VIRUM
2026 1962 2382 2012 MAGNIFI-

843 2077 999 2130 CUM
1035 2077 1572 2143 QUAESTORIUM
1609 2079 1813 2130 IURIS
1848 2077 2185 2129 PERITUM
2221 2077 2317 2127 ET

1011 2197 1113 2248 AN
1120 2197 1590 2250 TECESSOREM
1629 2195 2157 2250 BERYTENSIUM

1196 2315 1548 2366 INCLITAE
1599 2313 1970 2366 CIVITATIS

507 2695 596 2798 s
1140 2646 1476 2719 LIBER
1565 2646 2004 2724 PRIMUS.

1546 2868 1600 2936 I.

1142 3029 1242 3083 DE
1287 3028 1623 3083 IUSTITIA
1668 3030 1765 3082 ET
1809 3030 2014 3087 IURE.

516 3162 778 3229 Iustitia
818 3172 919 3227 est
961 3170 1273 3227 constans
1315 3169 1384 3226 et
1423 3170 1746 3245 perpetua
1774 3163 2083 3228 voluntas
2121 3164 2221 3227 ius
2265 3184 2454 3228 suum
2497 3164 2728 3247 cuique
2761 3174 2787 3228 1

423 3267 740 3333 tribuens.
855 3267 1022 3330 Iuris
1081 3266 1430 3349 prudentia
1483 3275 1584 3330 est
1637 3266 2005 3333 divinarum
2050 3279 2252 3351 atque
2294 3268 2731 3333 humanarum

423 3390 642 3435 rerum
673 3369 926 3449 notitia,
958 3370 1112 3435 iusti
1142 3379 1344 3453 atque
1373 3369 1594 3437 iniusti
1625 3372 1918 3435 scientia.

515 3474 643 3537 His
671 3473 1064 3557 generaliter
1093 3474 1374 3557 cognitis
1403 3484 1472 3538 et
1501 3473 1965 3557 incipientibus
2001 3476 2193 3540 nobis
2230 3496 2564 3560 exponere
2596 3474 2731 3539 iura
2758 3487 2793 3540 2

425 3578 654 3660 populi
713 3577 998 3643 Romani
1061 3578 1156 3642 ita
1223 3578 1519 3644 maxime
1577 3578 1901 3645 videntur¹
1948 3601 2146 3663 posse
2204 3580 2378 3645 tradi
2437 3600 2731 3645 commo-

426 3680 712 3761 dissime,
750 3682 804 3746 si
845 3682 1060 3765 primo
1107 3682 1233 3747 levi
1279 3701 1356 3747 ac
1403 3681 1701 3769 simplici,
1748 3693 1902 3767 post
1950 3683 2192 3749 deinde
2229 3684 2733 3767 diligentissima

425 3793 629 3868 atque
660 3786 1086 3851 exactissima
1121 3786 1663 3870 interpretatione
1698 3787 1955 3869 singula
1990 3789 2355 3853 tradantur.
2442 3786 2734 3869 alioquin

429 3890 484 3952 si
515 3890 743 3954 statim
776 3890 863 3953 ab
895 3890 1081 3954 initio
1127 3892 1357 3955 rudem
1403 3891 1620 3955 adhuc
1653 3899 1719 3956 et
1750 3892 2083 3955 infirmum
2129 3893 2421 3956 animum
2456 3890 2734 3956 studiosi

429 3992 853 4059 multitudine
889 4014 966 4058 ac
994 3995 1314 4060 varietate
1343 4015 1560 4059 rerum
1605 3994 2109 4069 oneraverimu3‚
2142 3996 2420 4059 duorum
2451 3994 2733 4059 alterum

427 4106 544 4162 aut
587 4098 990 4163 desertorem
1037 4100 1405 4167 studiorum
1451 4100 1807 4166 efficiemus
1858 4109 1975 4165 aut
2023 4120 2173 4164 cum
2227 4120 2469 4183 magno
2508 4099 2737 4163 labore

498 4298 618 4351 vit.
646 4299 692 4351 1.
734 4296 828 4351 On
863 4297 1026 4356 these
1064 4296 1388 4353 definitions
1413 4296 1480 4351 of
1499 4296 1707 4368 justice
1743 4296 1861 4355 and
1889 4296 2320 4368 jurispmdenee
2357 4314 2453 4353 see
2490 4296 2735 4352 General

431 4379 842 4447 Introduction,
863 4396 918 4451 p.
949 4393 976 4451 5
982 4396 1032 4451 3,
1059 4398 1210 4452 supr.
1285 4381 1411 4437 The
1430 4380 1550 4437 first
1575 4380 1625 4439 is
1650 4399 1716 4437 as
1742 4381 1839 4439 old
1864 4398 1929 4437 as
1954 4380 2280 4439 Simonides
2310 4380 2397 4450 (τὸ
2420 4379 2737 4449 ὀφειλόμενα

428 4464 636 4537 ἑκάστῳ
669 4463 971 4519 ἀποδιδόναι
1007 4464 1204 4521 δίκαιόν
1239 4463 1372 4533 ἐστι,
1397 4464 1549 4521 cited
1579 4465 1637 4521 in
1672 4465 1855 4535 Plato,
1881 4466 2023 4539 Rep.
2052 4464 2143 4535 i.):
2181 4463 2269 4520 for
2292 4464 2447 4519 close
2470 4460 2735 4531 parallels

430 4546 498 4602 cs.
529 4546 648 4603 Cic.
673 4546 746 4603 de
771 4546 898 4605 Fin.
924 4566 976 4605 v.
1004 4562 1088 4621 23,
1113 4549 1186 4605 de
1213 4548 1324 4608 Off.
1351 4548 1386 4605 i.
1416 4562 1467 4620 2,
1491 4547 1565 4603 iii.
1595 4563 1645 4605 2.
