3230 5116
394 427 492 476 rt.
513 420 586 486 6.]
988 419 1112 474 DE
1163 419 1860 491 USUCAPJONJBUS‚
1903 419 2085 479 ETC.
2568 434 2695 502 219

393 588 530 650 eius
562 584 935 649 committit.
1030 582 1165 648 Sed
1199 593 1424 648 tamen
1455 585 1520 651 id
1552 533 1911 668 aliquando
1928 586 2131 652 aliter
2160 607 2232 651 se
2259 586 2483 653 habet.
2538 608 2695 667 nam

392 690 446 754 si
476 687 707 754 heres
697 710 834 752 rem
866 688 1177 762 defuncto
1209 691 1703 754 commodatam
1734 700 1850 755 aut
1881 689 2168 754 locatam
2199 692 2300 755 vel
2331 693 2507 774 apud
2543 713 2694 757 eum

393 793 766 876 depositam
815 787 1204 857 existimaris
1247 791 1716 872 hereditariam
1762 815 1909 862 esse
1949 794 2128 858 bona
2168 794 2300 859 fide
2345 796 2694 877 accipienti

390 897 761 961 vendiderit
790 905 906 960 aut
941 896 1284 959 donaverit
1324 905 1438 960 aut
1475 897 1653 962 dotis
1694 901 1961 962 nomine
2001 893 2274 977 dederit,
2304 899 2464 981 quin
2496 901 2551 964 is
2582 902 2694 982 qui

391 1004 717 1084 acceperit
753 1020 1110 1082 usucapere
1140 1001 1369 1083 possit,
1403 1002 1680 1066 dubium
1728 1023 1859 1066 non
1907 1012 2030 1079 est,
2062 1003 2308 1086 quippe
2354 1024 2433 1070 ea
2479 1025 2581 1068 res
2628 1005 2695 1068 in

391 1105 544 1169 furti
597 1106 830 1170 vitium
879 1123 1013 1168 non
1065 1106 1394 1184 ceciderit,
1448 1126 1600 1170 cum
1648 1109 1877 1189 utique
1928 1106 2133 1182 hereS,
2165 1109 2278 1189 qui
2331 1108 2509 1172 bona
2562 1107 2696 1171 fide

391 1220 734 1292 tamquam
765 1230 952 1275 suam
984 1209 1383 1286 alienaverit,
1415 1210 1659 1276 furtum
1692 1233 1825 1275 non
1861 1213 2237 1276 committit.
2330 1211 2504 1276 Item
2536 1214 2590 1277 si
2622 1214 2694 1291 is,
2722 1219 2758 1272 5

391 1313 478 1379 ad
539 1334 738 1396 quem
787 1311 1066 1377 ancillae
1115 1335 1270 1378 usus
1323 1313 1574 1380 fructus
1629 1318 1930 1398 pertinet,
1983 1325 2250 1398 partum
2305 1318 2495 1379 suurn
2550 1337 2694 1381 esse

391 1419 665 1483 credens
695 1417 1068 1482 vendiderit
1112 1427 1229 1480 aut
1273 1417 1633 1495 donaverit,
1668 1420 1915 1484 furtum
1956 1439 2089 1484 non
2121 1420 2519 1484 committit:
2565 1420 2695 1483 fur-

392 1531 536 1586 tum
570 1523 746 1585 enim
779 1523 919 1586 sine
949 1520 1191 1585 affectu
1219 1519 1476 1587 furandi
1510 1543 1641 1611 non
1676 1525 2129 1588 committitur.
2218 1521 2394 1588 Aliis
2426 1544 2694 1606 quoque
2720 1537 2757 1590 6

393 1627 611 1691 modis
641 1628 938 1690 accidere
967 1635 1208 1708 potest,
1244 1635 1318 1690 ut
1361 1630 1510 1710 quis
1553 1630 1695 1693 sine
1722 1631 1885 1694 vitio
1924 1628 2079 1691 furti
2121 1647 2261 1691 rem
2289 1627 2573 1692 alienam
2606 1629 2693 1693 ad

325 1753 340 1766 ·
392 1732 681 1814 aliquem
742 1731 1094 1796 transferat
1149 1740 1216 1795 et
1270 1732 1527 1811 efficiat,
1580 1743 1655 1798 ut
1710 1754 1751 1798 a
1809 1753 2192 1816 possessore
2250 1736 2693 1817 usucapiatur.

393 1835 594 1918 Quod
626 1845 851 1900 autem
881 1835 968 1900 ad
1002 1856 1115 1900 eas
1148 1855 1267 1911 res,
1301 1857 1470 1919 quae
1501 1838 1645 1902 solo
1675 1840 2113 1916 continentur,
2139 1838 2515 1919 expeditius
2546 1859 2695 1921 pro·
2723 1844 2757 1896 7

393 1940 588 2017 cedit,
639 1949 716 2004 ut
768 1942 913 2022 quis
966 1940 1090 2006 loci
1139 1943 1436 2008 vacantis
1479 1945 1963 2044 possessionem
2009 1950 2283 2026 propter
2324 1942 2695 2009 absentiam

394 2055 512 2108 aut
558 2045 1046 2128 neglegentiam
1093 2045 1363 2124 domini,
1393 2057 1511 2110 aut
1544 2037 1701 2131 quia
1732 2049 1873 2112 sine
1903 2066 2278 2112 successore
2323 2047 2696 2126 decesserit,

393 2151 534 2215 sine
563 2153 626 2214 vi
659 2125 1093 2215 rfanciscatur.
1153 2152 1267 2232 qui
1299 2154 1602 2234 quamvis
1648 2154 1790 2236 ipse
1824 2152 1999 2216 mala
2030 2151 2163 2216 fide
2195 2152 2508 2235 possidet,
2539 2154 2697 2235 quia

392 2255 718 2338 intellegit
765 2276 834 2319 se
879 2253 1166 2318 alienum
1212 2255 1492 2320 fundum
1540 2277 1915 2339 occupasse,
1964 2266 2209 2335 tamen,
2254 2257 2308 2321 si
2359 2255 2471 2320 alii
2519 2257 2697 2321 bona

373 2358 526 2446 ⁸fide
569 2360 917 2442 accipienti
963 2359 1326 2436 tradiderit,
1360 2363 1602 2443 poterit
1642 2364 1701 2427 ei
1744 2363 1945 2445 longa
1977 2360 2391 2444 possessione
2435 2381 2537 2425 res
2578 2361 2695 2424 ad-

391 2462 578 2545 quiri,
609 2463 763 2545 quia
795 2483 1010 2547 neque
1039 2462 1351 2527 furtivum
1383 2484 1600 2548 neque
1632 2468 1694 2529 vi
1727 2486 2107 2549 possessum
2139 2465 2411 2546 accepit,
2442 2465 2695 2530 abolita

391 2578 494 2632 est
539 2567 713 2630 enirn
759 2569 1174 2650 quorundam
1203 2577 1498 2655 veterum
1547 2574 1875 2636 sententia
1920 2570 2445 2635 existimantium
2492 2570 2692 2634 etiam

393 2672 576 2737 fundi
609 2673 817 2737 locive
848 2672 1094 2737 furtum
1125 2672 1264 2737 fieri
1297 2683 1366 2738 et
1395 2696 1641 2755 eorum,
1674 2679 1786 2759 qui
1832 2698 1935 2741 res
1968 2674 2089 2741 soli
2119 2670 2482 2757 possident
2516 2676 2694 2756 prin-

393 2776 711 2859 cipalibus
741 2746 1318 2842 constitutionibus
1364 2781 1777 2863 prospicitur,
1810 2802 1893 2845 ne
1937 2782 2040 2845 cui
2078 2779 2275 2861 longa
2320 2787 2389 2842 et
2434 2779 2693 2842 indubi-

391 2889 536 2945 tata
566 2882 897 2963 possessio
925 2880 1164 2971 auferq'
1208 2882 1472 2949 debeat.
1559 2884 1949 2967 Aliquando
1988 2884 2187 2948 etiam
2227 2883 2465 2946 furtiva
2495 2882 2597 2946 vel
2629 2883 2691 2946 vi
2722 2886 2757 2939 8

391 3004 697 3067 possessa
747 3004 848 3049 res
894 2986 1167 3067 usucapi
1204 2996 1465 3068 potest:
1529 2987 1735 3053 veluti
1781 2990 1836 3053 si
1882 2990 1948 3050 in
1990 2986 2242 3051 domini
2289 2993 2692 3081 potestatem

391 3218 711 3289 possessor)
741 3221 1050 3292 usucapion
1090 3220 1138 3276 is
1173 3233 1272 3276 not
1297 3222 1590 3292 hindered,
1622 3222 1755 3291 Dig.
1780 3235 1870 3291 47.
1897 3238 1945 3277 2.
1974 3237 2057 3277 2ο.
2093 3236 2138 3275 1.
2215 3221 2267 3275 It
2294 3219 2342 3274 is
2368 3219 2609 3276 deemed
2634 3231 2697 3277 to

392 3304 537 3357 have
568 3304 835 3360 returned
874 3315 933 3360 to
971 3305 1060 3360 his
1099 3306 1285 3361 hands
1322 3322 1387 3364 as
1426 3323 1566 3361 soon
1603 3324 1671 3361 as
1705 3308 1779 3361 he
1816 3307 2010 3361 knows
2049 3305 2175 3359 who
2213 3304 2319 3359 has
2356 3314 2454 3373 got
2493 3303 2551 3373 it,
2580 3306 2695 3360 and

393 3386 442 3442 is
482 3389 890 3483 consequently
925 3390 1052 3451 able
1087 3401 1146 3445 to
1189 3388 1357 3459 bring
1393 3408 1430 3445 a
1470 3392 1588 3447 real
1628 3390 1817 3446 action
1860 3390 1947 3445 for
1979 3388 2051 3445 its
2087 3404 2392 3457 recovery:
2445 3388 2533 3442 ‘in
2569 3389 2695 3459 lege

367 3459 592 3527 'Atinia
639 3472 696 3527 in
744 3480 1088 3543 potestatem
1128 3473 1344 3529 domini
1383 3491 1505 3529 rem
1543 3474 1807 3529 furtivam
1852 3474 2075 3529 venisse
2125 3472 2320 3540 videri,
2366 3480 2423 3527 et
2473 3471 2520 3526 si
2572 3472 2693 3529 eius

391 3554 768 3611 vindicandae
799 3566 1141 3627 potestatem
1165 3556 1442 3627 habuerit,
1471 3556 1716 3613 Sabinus
1754 3568 1811 3613 et
1852 3556 2083 3614 Cassius
2116 3555 2572 3625 aiunt’Dig.50.
2609 3557 2690 3611 16.

392 3653 517 3709 215.
591 3642 644 3697 It
684 3640 732 3695 is
775 3640 1066 3696 uncertain
1105 3641 1360 3697 whether
1395 3642 1507 3696 the
1527 3642 1725 3697 vitium
1760 3658 1875 3697 was
1917 3641 2134 3712 purged
2170 3640 2247 3710 by
2283 3640 2381 3695 the
2419 3650 2688 3710 property

293 3742 306 3751 ·
392 3723 566 3793 being
612 3726 866 3780 restored
911 3735 971 3780 to
1013 3726 1112 3780 the
1154 3726 1480 3795 possession
1525 3725 1591 3780 os
1631 3720 1751 3780 him
1792 3726 1937 3780 from
1982 3726 2187 3793 whom,
2225 3724 2443 3792 though
2482 3734 2581 3779 not
2620 3721 2693 3778 its

392 3825 598 3877 owner,
642 3809 842 3867 it.·was
886 3810 1087 3877 stolen,
1137 3826 1183 3864 e.
1201 3826 1258 3879 g.
1307 3811 1404 3865 the
1451 3810 1606 3865 bona
1654 3810 1765 3865 fide
1815 3826 2132 3879 possessor,
2178 3808 2585 3877 usufructuary,
2630 3824 2696 3861 or

391 3891 670 3963 pledgee3
728 3891 860 3962 Dig‚
893 3907 981 3959 41.
1017 3906 1067 3961 3.
1099 3908 1152 3961 4.
1186 3893 1222 3947 6
1248 3892 1537 3963 distinctly
1573 3910 1705 3963 says
1744 3910 1837 3962 120,
1878 3894 1979 3949 but
2012 3908 2083 3961 49
2112 3892 2179 3945 of
2206 3894 2303 3947 the
2340 3908 2500 3946 same
2544 3890 2696 3946 Title

393 3978 652 4033 contains
677 3992 714 4031 a
737 3977 984 4046 genuine
1009 3977 1344 4047 exception..

465 4058 494 4131 ξ
522 4064 578 4115 8.
619 4062 732 4116 For
769 4062 932 4116 other
967 4078 1130 4117 cases
1171 4078 1267 4117 see
1305 4058 1437 4130 Dig.
1473 4074 1558 4127 41,
1587 4061 1639 4115 8.
1665 4074 1717 4129 4,
1746 4060 1899 4117 Paul.
1928 4069 2073 4114 sent.
2098 4076 2211 4113 rec.
2241 4070 2287 4128 5.
2314 4073 2365 4113 2.
2396 4070 2443 4128 5,
2472 4058 2612 4113 Cod.
2642 4070 2695 4125 7.

392 4160 480 4215 33.
511 4160 556 4199 1.
731 4176 740 4184 -
783 4166 796 4178 ·

465 4226 493 4299 ξ
522 4232 576 4285 ’1.
613 4226 896 4299 Justinian
921 4228 1138 4283 altered
1175 4229 1272 4283 the
1298 4228 1418 4297 law,
1447 4244 1511 4282 as
1547 4226 1591 4285 it
1629 4226 1677 4283 is
1714 4226 1851 4282 here
1875 4228 2078 4296 stated,
2103 4228 2182 4296 by
2209 4228 2263 4280 N
2270 4242 2358 4281 ov.
2392 4241 2411 4279 1
2429 4240 2507 4295 19.
2543 4238 2594 4292 7,
2618 4224 2697 4293 by

393 4313 575 4367 which
611 4314 686 4367 he
725 4312 965 4367 enacted
990 4313 1114 4368 that
1152 4328 1186 4366 a
1223 4312 1376 4367 bona
1403 4311 1513 4367 fide
1537 4328 1834 4384 possessor
1868 4310 1933 4365 of
1958 4311 2093 4366 land
2116 4311 2193 4379 by
2219 4310 2461 4366 transfer
2485 4308 2627 4362 from
2660 4324 2699 4363 a

394 4398 548 4452 mala
572 4397 684 4453 fide
709 4412 1005 4467 possessor
1029 4395 1233 4451 should
1267 4395 1505 4451 become
1531 4411 1720 4450 owner
1744 4395 1821 4464 by
1845 4394 2117 4465 usucapio
2154 4392 2213 4449 in
2249 4404 2345 4449 ten
2385 4408 2449 4447 or
2485 4400 2695 4458 twenty

391 4498 556 4552 years
593 4482 727 4550 only
753 4480 803 4534 is
829 4481 904 4535 all
937 4480 1034 4535 the
1068 4480 1212 4535 facts
1239 4496 1384 4535 were
1416 4478 1625 4534 known
1650 4488 1709 4534 to
1734 4479 1832 4534 the
1858 4478 2121 4535 dominus
2145 4496 2161 4545 ;
2198 4475 2495 4533 otherwise
2522 4474 2697 4545 thirty

390 4565 572 4637 years’
594 4563 923 4638 possession
950 4580 1066 4621 was
1091 4562 1370 4634 required.
