3230 5116
511 403 640 466 214
920 390 1628 448 INSTITUTIONUM'
1663 389 1901 445 LIBRI
1940 389 2417 462 QUATTUOR.
2609 390 2821 457 [LibJI.

513 565 584 621 et
616 577 767 621 cum
813 576 1024 620 uxore
1067 576 1186 621 sua
1231 555 1587 638 liberisque
1632 556 1783 634 suis,
1821 554 1984 619 item
2029 553 2281 619 libertis
2326 574 2448 618 nec
2495 573 2627 618 non
2673 554 2819 618 aliis

512 660 731 724 liberis
776 661 1092 743 personis,
1137 660 1378 743 quibus
1422 680 1556 724 non
1605 659 1822 722 minus
1867 679 2067 741 quam
2115 659 2318 723 servis
2363 661 2587 734 utitur,
2632 657 2817 722 habi-

513 765 704 828 tandi
737 765 838 828 ius
867 764 1150 830 habeat:
1198 773 1266 828 et
1291 764 1760 828 convenienter
1788 765 1843 827 si
1874 764 1959 828 ad
1990 763 2331 828 mulierem
2364 783 2522 826 usus
2553 765 2818 826 aedium

451 879 485 933 3
515 871 863 952 pertineat,
897 890 1046 934 cum
1081 870 1320 934 marito
1349 868 1652 933 habitare
1683 869 1897 933 liceat.
1992 869 2167 932 Item
2199 869 2271 943 is,
2298 868 2385 933 ad
2418 887 2617 951 quem
2649 869 2817 931 servi

513 993 670 1037 usus
721 975 1028 1056 pertinet,
1083 975 1226 1057 ipse
1277 981 1541 1038 tantum
1590 973 1809 1056 operis
1860 982 2064 1054 atque
2113 973 2475 1036 ministerio
2528 973 2668 1035 eius
2722 973 2818 1035 uti

513 1087 778 1160 potest:
824 1079 910 1142 ad
941 1078 1142 1142 alium
1173 1098 1330 1141 vero
1361 1077 1546 1141 nullo
1579 1077 1781 1140 modo
1812 1077 1913 1141 ius
1944 1097 2135 1140 suum
2181 1076 2529 1140 transferre
2567 1077 2627 1139 ei
2663 1096 2819 1139 con-

451 1197 486 1248 4
513 1202 774 1246 cessum
821 1191 944 1247 est.
1012 1183 1190 1246 idem
1245 1182 1503 1246 scilicet
1552 1181 1709 1248 iuris
1758 1191 1863 1246 est
1916 1189 1984 1245 et
2032 1181 2099 1244 in
2152 1181 2467 1244 iumento.
2576 1179 2714 1244 Sed
2763 1180 2817 1243 si

511 1287 764 1369 pecoris
793 1285 900 1353 vel
931 1287 1155 1350 ovium
1198 1307 1354 1351 usus
1385 1285 1646 1368 legatus
1676 1283 1889 1364 fuerit,
1920 1305 2138 1368 neque
2179 1285 2353 1349 lacte
2385 1305 2600 1367 neque
2630 1285 2819 1366 agnis

511 1411 730 1473 neque
775 1390 927 1455 lana
970 1398 1193 1454 utetur
1236 1391 1550 1468 usuariuS,
1581 1390 1737 1472 quia
1774 1410 1853 1452 ea
1893 1390 1959 1452 in
2000 1389 2215 1453 fructu
2259 1399 2432 1454 sunt.
2493 1389 2689 1473 plane
2729 1390 2817 1452 ad

510 1495 1007 1560 stercorandum
1039 1515 1272 1578 agrum
1303 1514 1498 1558 suum
1531 1494 1879 1576 pecoribus
1911 1495 2008 1558 uti
2039 1502 2279 1576 potest.

450 1603 486 1662 5
603 1595 740 1663 Sed
787 1600 840 1662 si
878 1599 979 1663 cui
1023 1598 1350 1662 habitatio
1391 1598 1614 1680 legata
1646 1599 1784 1662 sive
1815 1597 2038 1680 aliquo
2084 1599 2289 1662 modo
2320 1597 2683 1663 constituta
2713 1599 2817 1674 sit,

511 1725 728 1787 neque
781 1723 937 1767 usus
979 1702 1242 1767 videtur
1287 1724 1502 1785 neque
1550 1722 1708 1766 usus
1752 1702 2019 1780 fructus,
2072 1703 2188 1766 sed
2238 1702 2425 1785 quasi
2480 1704 2814 1785 proprium

509 1809 775 1892 aliquod
829 1809 952 1872 ius.
1055 1827 1258 1889 quam
1306 1806 1788 1870 habitationem
1836 1806 2235 1871 habentibus
2288 1816 2556 1891 propter
2600 1828 2814 1871 rerum

512 1913 865 1977 utilitatem
927 1913 1292 1976 secundum
1365 1909 1662 1975 Marcelli
1736 1913 2138 1975 sententiam
2200 1921 2423 1976 nostra
2483 1912 2815 1976 decisione

509 2017 934 2101 promulgata
983 2016 1402 2098 permisimus
1451 2035 1584 2079 non
1631 2015 1849 2078 solum
1897 2017 1962 2079 in
2010 2036 2088 2079 ea
2134 2016 2391 2100 degere,
2445 2016 2563 2079 sed
2612 2017 2813 2080 etiam

509 2121 656 2185 aliis
687 2121 918 2186 locare.

448 2234 483 2288 6
601 2226 791 2290 Haec
840 2225 924 2288 de
975 2224 1399 2289 servitutibus
1453 2231 1521 2287 et
1573 2244 1696 2286 usu
1742 2221 1959 2289 fructu
2006 2232 2074 2287 et
2123 2245 2244 2288 usu
2294 2231 2362 2289 et
2404 2223 2815 2288 habitatione

509 2330 760 2392 dixisse
790 2329 1089 2392 sufficiat.
1141 2328 1228 2392 de
1259 2327 1628 2391 hereditate
1659 2336 1884 2391 autem
1918 2338 1987 2392 et
2018 2329 2103 2392 de
2132 2328 2649 2410 obligationibus
2680 2330 2813 2392 suis

507 2432 668 2496 locis
685 2451 1165 2515 proponamus.
1229 2432 1663 2516 exposuimus
1709 2433 2115 2513 summatim,
2148 2433 2388 2516 quibus
2431 2433 2647 2496 modis
2678 2434 2814 2495 iure

505 2537 805 2621 gentium
839 2555 942 2601 res
973 2536 1445 2619 adquiruntur:
1495 2534 1698 2600 modo
1736 2537 2100 2614 videamuS,
2133 2537 2373 2620 quibus
2406 2537 2619 2602 modis
2652 2537 2814 2620 legi-

505 2642 671 2706 timo
705 2651 772 2705 et
801 2640 971 2705 civili
1003 2641 1140 2705 iure
1169 2640 1629 2722 adquiruntur.

505 2846 572 2901 of
612 2864 649 2901 a
697 2847 874 2901 house
918 2864 1032 2901 was
1081 2846 1249 2916 given
1294 2845 1476 2916 might
1520 2856 1621 2902 not
1664 2845 1775 2903 live
1820 2846 1877 2901 in
1923 2847 1964 2902 it
2005 2848 2138 2903 with
2186 2850 2301 2919 her,
2346 2848 2482 2917 Dig.
2510 2862 2556 2915 7.
2586 2850 2632 2903 8.
2662 2864 2710 2916 4.
2747 2864 2809 2903 1:

505 2931 757 2985 whether
781 2930 877 2984 the
905 2931 1155 2999 usuary’s
1180 2928 1364 2983 liberti
1401 2928 1584 2999 might
1608 2930 1682 2985 be
1707 2931 1929 2985 housed
1954 2948 2068 2986 was
2106 2949 2143 2986 a
2180 2932 2441 3004 question
2465 2943 2527 2987 to
2552 2934 2647 2988 the
2673 2933 2810 2988 time

506 3014 574 3068 of
612 3014 828 3082 CelsuS,
873 3013 1006 3083 Dig.
1042 3012 1117 3068 ib.
1153 3028 1204 3069 2.
1249 3027 1295 3068 1.
1353 3012 1513 3068 With
1565 3012 1725 3068 ‘aliis
1776 3014 1981 3085 quibus
2032 3033 2146 3069 non
2196 3016 2383 3071 minus
2422 3034 2593 3087 quam
2635 3017 2811 3071 servis

504 3097 677 3153 utitur
697 3099 711 3127 ’
745 3098 817 3154 cf.
845 3096 977 3168 Dig.
998 3110 1048 3164 7.
1070 3098 1118 3152 8.
1137 3112 1188 3164 4.
1208 3114 1292 3167 pr.
1319 3096 1494 3168 ‘quos
1520 3098 1649 3152 loco
1675 3115 1967 3153 servorum
1994 3100 2050 3153 in
2077 3100 2266 3170 operis
2286 3102 2475 3171 habet,
2493 3099 2623 3156 licet
2650 3101 2809 3156 liberi

506 3181 654 3237 sint.’

580 3264 608 3336 ξ
637 3268 694 3320 4.
737 3266 862 3321 The
899 3263 985 3319 ius
1021 3264 1370 3320 stercorandi
1409 3282 1596 3321 seems
1622 3275 1682 3321 to
1708 3266 2053 3336 correspond
2078 3276 2139 3322 to
2164 3268 2260 3321 the
2295 3284 2429 3322 usus
2467 3267 2811 3323 cottidianus

506 3349 571 3404 of
591 3347 619 3419 ξ
655 3364 676 3403 1
709 3366 855 3418 supr.

579 3429 607 3501 §
637 3435 690 3485 5.
736 3433 787 3485 It
814 3448 929 3485 was
954 3448 991 3485 a
1017 3430 1276 3501 question
1302 3448 1516 3503 among
1539 3434 1636 3488 the
1656 3433 1850 3504 jurists
1877 3435 2128 3489 whether
2153 3432 2431 3489 habitatio
2454 3434 2569 3487 and
2600 3450 2808 3503 operae

504 3530 794 3569 servorum
831 3513 951 3569 sive
987 3514 1317 3569 animalium
1347 3533 1491 3571 were
1527 3517 1758 3573 distinct
1795 3518 1975 3588 rights
2012 3518 2157 3571 from
2195 3534 2329 3571 usus
2368 3516 2483 3571 and
2519 3517 2805 3573 usufruct:

505 3596 708 3668 ‘operis
726 3596 872 3652 servi
888 3596 1090 3667 legatis
1107 3614 1273 3652 usum
1288 3599 1485 3655 datum
1503 3600 1751 3671 intellegi
1768 3611 1824 3657 et
1842 3617 1950 3672 ego
1965 3600 2137 3655 didici
2156 3610 2213 3655 et
2234 3600 2485 3656 Iulianus
2502 3600 2809 3657 existimat'

506 3681 773 3736 Clemens
812 3680 868 3734 in
910 3680 1042 3750 Dig.
1068 3694 1115 3749 7.
1145 3693 1194 3748 7.
1226 3694 1252 3752 5
1283 3700 1298 3751 ;
1334 3682 1421 3737 for
1445 3684 1541 3739 the
1567 3684 1829 3741 different
1853 3685 2024 3741 views
2058 3682 2382 3754 respecting
2405 3683 2683 3739 habitatio
2710 3702 2807 3741 see

507 3764 721 3833 Ulpian
749 3763 805 3819 in
835 3764 966 3834 Dig.
1004 3778 1054 3831 7.
1085 3766 1131 3819 8.
1167 3780 1248 3834 10,
1279 3766 1394 3821 and
1423 3768 1560 3823 Cod.
1583 3783 1671 3837 33.
1694 3784 1740 3838 3.
1772 3784 1848 3838 13.
1944 3768 2169 3839 Finally
2198 3768 2295 3823 the
2332 3766 2660 3822 distinction
2693 3786 2809 3825 was

504 3848 783 3905 admitted
811 3868 824 3915 ;
865 3850 964 3903 the
997 3848 1187 3919 points
1222 3850 1286 3904 of
1317 3850 1621 3908 difference
1648 3853 1903 3909 between
1941 3854 2105 3908 these
2139 3863 2251 3908 two
2288 3852 2468 3923 rights
2503 3852 2617 3907 and
2654 3870 2807 3922 usuS‚

503 3932 689 3987 which
726 3932 862 4000 they
886 3942 1036 3987 most
1072 3935 1370 4003 resemble,
1403 3935 1578 4005 being
1613 3936 1737 3991 that
1776 3936 2105 3993 mentioned
2143 3936 2201 3992 in
2239 3938 2337 3992 the
2373 3946 2507 4007 text,
2532 3936 2649 3991 and
2685 3938 2807 3993 that

503 4017 640 4086 they
664 4032 808 4070 were
843 4026 943 4071 not
981 4016 1378 4087 extinguished
1407 4017 1485 4088 by
1509 4036 1781 4075 non-user
1817 4039 1883 4075 or
1918 4020 2123 4091 capitis
2161 4020 2491 4091 deminuti0‚
2519 4020 2651 4091 Dig.
2680 4034 2727 4089 7.
2757 4022 2806 4077 8.

511 4114 592 4155 10.
617 4117 701 4170 pr.

577 4185 691 4237 For
715 4184 811 4239 the
839 4184 998 4240 three
1023 4184 1145 4240 iura
1169 4184 1226 4239 in
1253 4203 1314 4241 re
1339 4185 1524 4241 aliena
1549 4187 1734 4242 which
1760 4204 1906 4243 were
1931 4197 2032 4243 not
2057 4188 2371 4245 servitudes
2398 4205 2495 4245 see
2522 4190 2807 4245 Excursus

508 4268 565 4321 11
595 4276 654 4323 at
679 4268 776 4323 the
802 4268 916 4321 end
941 4268 1007 4321 of
1023 4268 1136 4323 this
1162 4270 1340 4325 Book.

577 4349 605 4421 ξ
633 4355 690 4407 6.
731 4349 965 4421 Having
988 4350 1287 4409 described
1312 4354 1410 4409 the
1435 4354 1659 4410 natural
1684 4355 1884 4410 modes
1913 4355 1979 4409 of
1994 4355 2290 4427 acquiring
2313 4372 2404 4410 res
2440 4355 2806 4427 (corporales)

504 4434 761 4505 singulae
787 4434 844 4489 in
871 4436 982 4491 Tit.
1017 4449 1039 4489 1
1068 4435 1350 4505 Justinian
1385 4438 1548 4493 takes
1583 4438 1869 4509 occasion,
1896 4440 2041 4495 after
2077 4440 2337 4511 drawing.
2355 4441 2452 4495 the
2477 4438 2806 4494 distinction

504 4518 758 4575 between
795 4518 987 4591 things
1024 4522 1316 4591 corporeal
1357 4523 1470 4578 and
1512 4522 1865 4593 incorporeal
1896 4521 1956 4579 in
1981 4522 2095 4580 Tit.
2138 4538 2187 4595 2,
2222 4534 2281 4579 to
2327 4522 2547 4579 discuss
2591 4539 2664 4577 an
2704 4521 2807 4576 im-
